<?xml version="1.0" encoding="UTF-8"?><Document xmlns="urn:iso:std:iso:20022:tech:xsd:camt.054.001.04" xmlns:xsi="http://www.w3.org/2001/XMLSchema-instance"><BkToCstmrDbtCdtNtfctn><GrpHdr><MsgId>WH9CEKBDPU85XRNA</MsgId><CreDtTm>2024-09-02T18:45:36+02:00</CreDtTm><MsgRcpt><Id><OrgId><AnyBIC>UBSWCHZHREB</AnyBIC></OrgId></Id></MsgRcpt><MsgPgntn><PgNb>1</PgNb><LastPgInd>true</LastPgInd></MsgPgntn><AddtlInf>SPS/1.7</AddtlInf></GrpHdr><Ntfctn><Id>WH9CEKBDPU85XRNA</Id><CreDtTm>2024-09-02T18:45:36+02:00</CreDtTm><FrToDt><FrDtTm>2024-09-02T00:00:00+02:00</FrDtTm><ToDtTm>2024-09-02T24:00:00+02:00</ToDtTm></FrToDt><RptgSrc><Prtry>OTHR</Prtry></RptgSrc><Acct><Id><IBAN>CH720020620615146201J</IBAN></Id><Ccy>CHF</Ccy><Ownr><Nm>Hausarztpraxis Buchs AG</Nm></Ownr><Svcr><FinInstnId><BICFI>UBSWCHZH80A</BICFI><Nm>UBS Switzerland AG</Nm><Othr><Id>CHE-116.303.292 MWST</Id><Issr>VAT-ID</Issr></Othr></FinInstnId></Svcr></Acct><Ntry><NtryRef>CH233000520615146201J</NtryRef><Amt Ccy="CHF">1427.2</Amt><CdtDbtInd>CRDT</CdtDbtInd><Sts>BOOK</Sts><BookgDt><Dt>2024-09-02</Dt></BookgDt><ValDt><Dt>2024-09-02</Dt></ValDt><AcctSvcrRef>2024246PH0001374</AcctSvcrRef><BkTxCd><Domn><Cd>PMNT</Cd><Fmly><Cd>RCDT</Cd><SubFmlyCd>VCOM</SubFmlyCd></Fmly></Domn><Prtry><Cd>A89</Cd></Prtry></BkTxCd><NtryDtls><Btch><MsgId>240831CH0C7354UK</MsgId><NbOfTxs>5</NbOfTxs><TtlAmt Ccy="CHF">1427.2</TtlAmt><CdtDbtInd>CRDT</CdtDbtInd></Btch><TxDtls><Refs><AcctSvcrRef>9999246ZC7107690</AcctSvcrRef><EndToEndId>NOTPROVIDED</EndToEndId></Refs><Amt Ccy="CHF">165</Amt><CdtDbtInd>CRDT</CdtDbtInd><AmtDtls><InstdAmt><Amt Ccy="CHF">165</Amt></InstdAmt><TxAmt><Amt Ccy="CHF">165</Amt></TxAmt></AmtDtls><BkTxCd><Domn><Cd>PMNT</Cd><Fmly><Cd>RCDT</Cd><SubFmlyCd>VCOM</SubFmlyCd></Fmly></Domn><Prtry><Cd>A89</Cd></Prtry></BkTxCd><Chrgs><Rcrd><Amt Ccy="CHF">2.35</Amt><CdtDbtInd>DBIT</CdtDbtInd><ChrgInclInd>false</ChrgInclInd><Tp><Prtry><Id>2</Id></Prtry></Tp><Br>SLEV</Br></Rcrd></Chrgs><RltdPties><Dbtr><Nm>Schaltereinzahlung</Nm><PstlAdr><Ctry>CH</Ctry></PstlAdr></Dbtr><UltmtDbtr><Nm>Keller Betty</Nm><PstlAdr><Ctry>CH</Ctry><AdrLine>Chlini Grof 8</AdrLine><AdrLine>9470 Buchs</AdrLine></PstlAdr></UltmtDbtr></RltdPties><RmtInf><Strd><CdtrRefInf><Tp><CdOrPrtry><Prtry>QRR</Prtry></CdOrPrtry></Tp><Ref>264029000000000000050120369</Ref></CdtrRefInf><AddtlRmtInf>Rechnungsnummer 005012-036</AddtlRmtInf></Strd></RmtInf><AddtlTxInf>Credit QR reference</AddtlTxInf></TxDtls><TxDtls><Refs><AcctSvcrRef>9999246ZC7124237</AcctSvcrRef><EndToEndId>NOTPROVIDED</EndToEndId></Refs><Amt Ccy="CHF">593.45</Amt><CdtDbtInd>CRDT</CdtDbtInd><AmtDtls><InstdAmt><Amt Ccy="CHF">593.45</Amt></InstdAmt><TxAmt><Amt Ccy="CHF">593.45</Amt></TxAmt></AmtDtls><BkTxCd><Domn><Cd>PMNT</Cd><Fmly><Cd>RCDT</Cd><SubFmlyCd>VCOM</SubFmlyCd></Fmly></Domn><Prtry><Cd>A89</Cd></Prtry></BkTxCd><Chrgs><Rcrd><Amt Ccy="CHF">2.35</Amt><CdtDbtInd>DBIT</CdtDbtInd><ChrgInclInd>false</ChrgInclInd><Tp><Prtry><Id>2</Id></Prtry></Tp><Br>SLEV</Br></Rcrd></Chrgs><RltdPties><Dbtr><Nm>Schaltereinzahlung</Nm><PstlAdr><Ctry>CH</Ctry></PstlAdr></Dbtr><UltmtDbtr><Nm>Martini-Anantakul Jenjira</Nm><PstlAdr><Ctry>CH</Ctry><AdrLine>Kerbelstrasse 6</AdrLine><AdrLine>9470 Buchs SG</AdrLine></PstlAdr></UltmtDbtr></RltdPties><RmtInf><Strd><CdtrRefInf><Tp><CdOrPrtry><Prtry>QRR</Prtry></CdOrPrtry></Tp><Ref>264029000000000020174340123</Ref></CdtrRefInf><AddtlRmtInf>Rechnungsnummer 017434-012-002</AddtlRmtInf></Strd></RmtInf><AddtlTxInf>Credit QR reference</AddtlTxInf></TxDtls><TxDtls><Refs><AcctSvcrRef>9999246ZC7274075</AcctSvcrRef><EndToEndId>NOTPROVIDED</EndToEndId></Refs><Amt Ccy="CHF">105.65</Amt><CdtDbtInd>CRDT</CdtDbtInd><AmtDtls><InstdAmt><Amt Ccy="CHF">105.65</Amt></InstdAmt><TxAmt><Amt Ccy="CHF">105.65</Amt></TxAmt></AmtDtls><BkTxCd><Domn><Cd>PMNT</Cd><Fmly><Cd>RCDT</Cd><SubFmlyCd>VCOM</SubFmlyCd></Fmly></Domn><Prtry><Cd>A89</Cd></Prtry></BkTxCd><RltdPties><Dbtr><Nm>Reto Steiger</Nm><PstlAdr><Ctry>CH</Ctry><AdrLine>Turnhallenstrasse 8</AdrLine><AdrLine>CH-9470 Buchs SG</AdrLine></PstlAdr></Dbtr><UltmtDbtr><Nm>STEIGER RETO</Nm><PstlAdr><StrtNm>TURNHALLENSTRASSE</StrtNm><BldgNb>8</BldgNb><PstCd>9470</PstCd><TwnNm>BUCHS</TwnNm><Ctry>CH</Ctry></PstlAdr></UltmtDbtr></RltdPties><RmtInf><Strd><CdtrRefInf><Tp><CdOrPrtry><Prtry>QRR</Prtry></CdOrPrtry></Tp><Ref>264029000000000000005540302</Ref></CdtrRefInf><AddtlRmtInf>RECHNUNGSNUMMER 000554-030</AddtlRmtInf></Strd></RmtInf><AddtlTxInf>Credit QR reference</AddtlTxInf></TxDtls><TxDtls><Refs><AcctSvcrRef>9999246ZC7320603</AcctSvcrRef><EndToEndId>SWIf5905ca10d9141a3af3769eea30cd419</EndToEndId></Refs><Amt Ccy="CHF">184.8</Amt><CdtDbtInd>CRDT</CdtDbtInd><AmtDtls><InstdAmt><Amt Ccy="CHF">184.8</Amt></InstdAmt><TxAmt><Amt Ccy="CHF">184.8</Amt></TxAmt></AmtDtls><BkTxCd><Domn><Cd>PMNT</Cd><Fmly><Cd>RCDT</Cd><SubFmlyCd>VCOM</SubFmlyCd></Fmly></Domn><Prtry><Cd>A89</Cd></Prtry></BkTxCd><RltdPties><Dbtr><Nm>SWICA Krankenver.AG Winterthur</Nm><PstlAdr><StrtNm>Römerstrasse</StrtNm><BldgNb>38</BldgNb><PstCd>8400</PstCd><TwnNm>Winterthur</TwnNm><Ctry>CH</Ctry></PstlAdr></Dbtr></RltdPties><RmtInf><Strd><CdtrRefInf><Tp><CdOrPrtry><Prtry>QRR</Prtry></CdOrPrtry></Tp><Ref>264029000000000010199020414</Ref></CdtrRefInf></Strd></RmtInf><AddtlTxInf>Credit QR reference</AddtlTxInf></TxDtls><TxDtls><Refs><AcctSvcrRef>9999246ZC7430517</AcctSvcrRef><EndToEndId>SWI3d22181c85314962938832684313bfa6</EndToEndId></Refs><Amt Ccy="CHF">378.3</Amt><CdtDbtInd>CRDT</CdtDbtInd><AmtDtls><InstdAmt><Amt Ccy="CHF">378.3</Amt></InstdAmt><TxAmt><Amt Ccy="CHF">378.3</Amt></TxAmt></AmtDtls><BkTxCd><Domn><Cd>PMNT</Cd><Fmly><Cd>RCDT</Cd><SubFmlyCd>VCOM</SubFmlyCd></Fmly></Domn><Prtry><Cd>A89</Cd></Prtry></BkTxCd><RltdPties><Dbtr><Nm>SWICA Krankenver.AG Winterthur</Nm><PstlAdr><StrtNm>Römerstrasse</StrtNm><BldgNb>38</BldgNb><PstCd>8400</PstCd><TwnNm>Winterthur</TwnNm><Ctry>CH</Ctry></PstlAdr></Dbtr></RltdPties><RmtInf><Strd><CdtrRefInf><Tp><CdOrPrtry><Prtry>QRR</Prtry></CdOrPrtry></Tp><Ref>264029000000000020199020404</Ref></CdtrRefInf></Strd></RmtInf><AddtlTxInf>Credit QR reference</AddtlTxInf></TxDtls></NtryDtls><AddtlNtryInf>Credit QR reference</AddtlNtryInf></Ntry></Ntfctn></BkToCstmrDbtCdtNtfctn></Document>