<?xml version="1.0" encoding="UTF-8"?><Document xmlns="urn:iso:std:iso:20022:tech:xsd:camt.054.001.04" xmlns:xsi="http://www.w3.org/2001/XMLSchema-instance"><BkToCstmrDbtCdtNtfctn><GrpHdr><MsgId>WH9CEKBDHPC4WYVA</MsgId><CreDtTm>2024-08-26T18:45:11+02:00</CreDtTm><MsgRcpt><Id><OrgId><AnyBIC>UBSWCHZHREB</AnyBIC></OrgId></Id></MsgRcpt><MsgPgntn><PgNb>1</PgNb><LastPgInd>true</LastPgInd></MsgPgntn><AddtlInf>SPS/1.7</AddtlInf></GrpHdr><Ntfctn><Id>WH9CEKBDHPC4WYVA</Id><CreDtTm>2024-08-26T18:45:11+02:00</CreDtTm><FrToDt><FrDtTm>2024-08-26T00:00:00+02:00</FrDtTm><ToDtTm>2024-08-26T24:00:00+02:00</ToDtTm></FrToDt><RptgSrc><Prtry>OTHR</Prtry></RptgSrc><Acct><Id><IBAN>CH720020620615146201J</IBAN></Id><Ccy>CHF</Ccy><Ownr><Nm>Hausarztpraxis Buchs AG</Nm></Ownr><Svcr><FinInstnId><BICFI>UBSWCHZH80A</BICFI><Nm>UBS Switzerland AG</Nm><Othr><Id>CHE-116.303.292 MWST</Id><Issr>VAT-ID</Issr></Othr></FinInstnId></Svcr></Acct><Ntry><NtryRef>CH233000520615146201J</NtryRef><Amt Ccy="CHF">5346.35</Amt><CdtDbtInd>CRDT</CdtDbtInd><Sts>BOOK</Sts><BookgDt><Dt>2024-08-26</Dt></BookgDt><ValDt><Dt>2024-08-26</Dt></ValDt><AcctSvcrRef>2024239PH0002207</AcctSvcrRef><BkTxCd><Domn><Cd>PMNT</Cd><Fmly><Cd>RCDT</Cd><SubFmlyCd>VCOM</SubFmlyCd></Fmly></Domn><Prtry><Cd>A89</Cd></Prtry></BkTxCd><NtryDtls><Btch><MsgId>240824CH0C5V6GGH</MsgId><NbOfTxs>24</NbOfTxs><TtlAmt Ccy="CHF">5346.35</TtlAmt><CdtDbtInd>CRDT</CdtDbtInd></Btch><TxDtls><Refs><AcctSvcrRef>9999239ZC3768709</AcctSvcrRef><EndToEndId>NOTPROVIDED</EndToEndId></Refs><Amt Ccy="CHF">58.8</Amt><CdtDbtInd>CRDT</CdtDbtInd><AmtDtls><InstdAmt><Amt Ccy="CHF">58.8</Amt></InstdAmt><TxAmt><Amt Ccy="CHF">58.8</Amt></TxAmt></AmtDtls><BkTxCd><Domn><Cd>PMNT</Cd><Fmly><Cd>RCDT</Cd><SubFmlyCd>VCOM</SubFmlyCd></Fmly></Domn><Prtry><Cd>A89</Cd></Prtry></BkTxCd><RltdPties><Dbtr><Nm>Gomez Quintero Arturo</Nm><PstlAdr><StrtNm>Churerstrasse</StrtNm><BldgNb>131</BldgNb><PstCd>9470</PstCd><TwnNm>Buchs SG</TwnNm><Ctry>CH</Ctry></PstlAdr></Dbtr><UltmtDbtr><Nm>Piotrowska Malgorzata</Nm><PstlAdr><StrtNm>Churerstrasse 131</StrtNm><PstCd>9470</PstCd><TwnNm>Buchs SG</TwnNm><Ctry>CH</Ctry></PstlAdr></UltmtDbtr></RltdPties><RmtInf><Strd><CdtrRefInf><Tp><CdOrPrtry><Prtry>QRR</Prtry></CdOrPrtry></Tp><Ref>264029000000000000210070199</Ref></CdtrRefInf><AddtlRmtInf>Rechnungsnummer 021007-019</AddtlRmtInf></Strd></RmtInf><AddtlTxInf>Credit QR reference</AddtlTxInf></TxDtls><TxDtls><Refs><AcctSvcrRef>9999239ZC3825183</AcctSvcrRef><EndToEndId>SWI30fefa3d297a471d9a02b4a3f9abf362</EndToEndId></Refs><Amt Ccy="CHF">38.55</Amt><CdtDbtInd>CRDT</CdtDbtInd><AmtDtls><InstdAmt><Amt Ccy="CHF">38.55</Amt></InstdAmt><TxAmt><Amt Ccy="CHF">38.55</Amt></TxAmt></AmtDtls><BkTxCd><Domn><Cd>PMNT</Cd><Fmly><Cd>RCDT</Cd><SubFmlyCd>VCOM</SubFmlyCd></Fmly></Domn><Prtry><Cd>A89</Cd></Prtry></BkTxCd><RltdPties><Dbtr><Nm>SWICA Krankenver.AG Winterthur</Nm><PstlAdr><StrtNm>Römerstrasse</StrtNm><BldgNb>38</BldgNb><PstCd>8400</PstCd><TwnNm>Winterthur</TwnNm><Ctry>CH</Ctry></PstlAdr></Dbtr></RltdPties><RmtInf><Strd><CdtrRefInf><Tp><CdOrPrtry><Prtry>QRR</Prtry></CdOrPrtry></Tp><Ref>264029000000000000040560402</Ref></CdtrRefInf></Strd></RmtInf><AddtlTxInf>Credit QR reference</AddtlTxInf></TxDtls><TxDtls><Refs><AcctSvcrRef>9999239ZC3836487</AcctSvcrRef><EndToEndId>SWI349e384c4279457eb2affd1792425238</EndToEndId></Refs><Amt Ccy="CHF">8.9</Amt><CdtDbtInd>CRDT</CdtDbtInd><AmtDtls><InstdAmt><Amt Ccy="CHF">8.9</Amt></InstdAmt><TxAmt><Amt Ccy="CHF">8.9</Amt></TxAmt></AmtDtls><BkTxCd><Domn><Cd>PMNT</Cd><Fmly><Cd>RCDT</Cd><SubFmlyCd>VCOM</SubFmlyCd></Fmly></Domn><Prtry><Cd>A89</Cd></Prtry></BkTxCd><RltdPties><Dbtr><Nm>SWICA Krankenver.AG Winterthur</Nm><PstlAdr><StrtNm>Römerstrasse</StrtNm><BldgNb>38</BldgNb><PstCd>8400</PstCd><TwnNm>Winterthur</TwnNm><Ctry>CH</Ctry></PstlAdr></Dbtr></RltdPties><RmtInf><Strd><CdtrRefInf><Tp><CdOrPrtry><Prtry>QRR</Prtry></CdOrPrtry></Tp><Ref>264029000000000000138660237</Ref></CdtrRefInf></Strd></RmtInf><AddtlTxInf>Credit QR reference</AddtlTxInf></TxDtls><TxDtls><Refs><AcctSvcrRef>9999239ZC3852010</AcctSvcrRef><EndToEndId>SWI41b01ef3d2954983ae8bf74e5087ae59</EndToEndId></Refs><Amt Ccy="CHF">47.5</Amt><CdtDbtInd>CRDT</CdtDbtInd><AmtDtls><InstdAmt><Amt Ccy="CHF">47.5</Amt></InstdAmt><TxAmt><Amt Ccy="CHF">47.5</Amt></TxAmt></AmtDtls><BkTxCd><Domn><Cd>PMNT</Cd><Fmly><Cd>RCDT</Cd><SubFmlyCd>VCOM</SubFmlyCd></Fmly></Domn><Prtry><Cd>A89</Cd></Prtry></BkTxCd><RltdPties><Dbtr><Nm>SWICA Krankenver.AG Winterthur</Nm><PstlAdr><StrtNm>Römerstrasse</StrtNm><BldgNb>38</BldgNb><PstCd>8400</PstCd><TwnNm>Winterthur</TwnNm><Ctry>CH</Ctry></PstlAdr></Dbtr></RltdPties><RmtInf><Strd><CdtrRefInf><Tp><CdOrPrtry><Prtry>QRR</Prtry></CdOrPrtry></Tp><Ref>264029000000000000011870231</Ref></CdtrRefInf></Strd></RmtInf><AddtlTxInf>Credit QR reference</AddtlTxInf></TxDtls><TxDtls><Refs><AcctSvcrRef>9999239ZC3839589</AcctSvcrRef><EndToEndId>SWI58ee573105de4b09aaeb94189b6c8792</EndToEndId></Refs><Amt Ccy="CHF">119.7</Amt><CdtDbtInd>CRDT</CdtDbtInd><AmtDtls><InstdAmt><Amt Ccy="CHF">119.7</Amt></InstdAmt><TxAmt><Amt Ccy="CHF">119.7</Amt></TxAmt></AmtDtls><BkTxCd><Domn><Cd>PMNT</Cd><Fmly><Cd>RCDT</Cd><SubFmlyCd>VCOM</SubFmlyCd></Fmly></Domn><Prtry><Cd>A89</Cd></Prtry></BkTxCd><RltdPties><Dbtr><Nm>SWICA Krankenver.AG Winterthur</Nm><PstlAdr><StrtNm>Römerstrasse</StrtNm><BldgNb>38</BldgNb><PstCd>8400</PstCd><TwnNm>Winterthur</TwnNm><Ctry>CH</Ctry></PstlAdr></Dbtr></RltdPties><RmtInf><Strd><CdtrRefInf><Tp><CdOrPrtry><Prtry>QRR</Prtry></CdOrPrtry></Tp><Ref>264029000000000000201680030</Ref></CdtrRefInf></Strd></RmtInf><AddtlTxInf>Credit QR reference</AddtlTxInf></TxDtls><TxDtls><Refs><AcctSvcrRef>9999239ZC3845952</AcctSvcrRef><EndToEndId>SWIee0f395fb1fd401d8e6a847e4dc36fdb</EndToEndId></Refs><Amt Ccy="CHF">41.65</Amt><CdtDbtInd>CRDT</CdtDbtInd><AmtDtls><InstdAmt><Amt Ccy="CHF">41.65</Amt></InstdAmt><TxAmt><Amt Ccy="CHF">41.65</Amt></TxAmt></AmtDtls><BkTxCd><Domn><Cd>PMNT</Cd><Fmly><Cd>RCDT</Cd><SubFmlyCd>VCOM</SubFmlyCd></Fmly></Domn><Prtry><Cd>A89</Cd></Prtry></BkTxCd><RltdPties><Dbtr><Nm>SWICA Krankenver.AG Winterthur</Nm><PstlAdr><StrtNm>Römerstrasse</StrtNm><BldgNb>38</BldgNb><PstCd>8400</PstCd><TwnNm>Winterthur</TwnNm><Ctry>CH</Ctry></PstlAdr></Dbtr></RltdPties><RmtInf><Strd><CdtrRefInf><Tp><CdOrPrtry><Prtry>QRR</Prtry></CdOrPrtry></Tp><Ref>264029000000000010031440253</Ref></CdtrRefInf></Strd></RmtInf><AddtlTxInf>Credit QR reference</AddtlTxInf></TxDtls><TxDtls><Refs><AcctSvcrRef>9999239ZC3854187</AcctSvcrRef><EndToEndId>SWI5610a53c1fec40e3b29dd811cd82b2e9</EndToEndId></Refs><Amt Ccy="CHF">587.9</Amt><CdtDbtInd>CRDT</CdtDbtInd><AmtDtls><InstdAmt><Amt Ccy="CHF">587.9</Amt></InstdAmt><TxAmt><Amt Ccy="CHF">587.9</Amt></TxAmt></AmtDtls><BkTxCd><Domn><Cd>PMNT</Cd><Fmly><Cd>RCDT</Cd><SubFmlyCd>VCOM</SubFmlyCd></Fmly></Domn><Prtry><Cd>A89</Cd></Prtry></BkTxCd><RltdPties><Dbtr><Nm>SWICA Krankenver.AG Winterthur</Nm><PstlAdr><StrtNm>Römerstrasse</StrtNm><BldgNb>38</BldgNb><PstCd>8400</PstCd><TwnNm>Winterthur</TwnNm><Ctry>CH</Ctry></PstlAdr></Dbtr></RltdPties><RmtInf><Strd><CdtrRefInf><Tp><CdOrPrtry><Prtry>QRR</Prtry></CdOrPrtry></Tp><Ref>264029000000000010006780927</Ref></CdtrRefInf></Strd></RmtInf><AddtlTxInf>Credit QR reference</AddtlTxInf></TxDtls><TxDtls><Refs><AcctSvcrRef>9999239ZC3866070</AcctSvcrRef><EndToEndId>OKKc9afb822185944b1ab64b32158785bec</EndToEndId></Refs><Amt Ccy="CHF">188.05</Amt><CdtDbtInd>CRDT</CdtDbtInd><AmtDtls><InstdAmt><Amt Ccy="CHF">188.05</Amt></InstdAmt><TxAmt><Amt Ccy="CHF">188.05</Amt></TxAmt></AmtDtls><BkTxCd><Domn><Cd>PMNT</Cd><Fmly><Cd>RCDT</Cd><SubFmlyCd>VCOM</SubFmlyCd></Fmly></Domn><Prtry><Cd>A89</Cd></Prtry></BkTxCd><RltdPties><Dbtr><Nm>ÖKK Kranken- und Unfallvers.</Nm><PstlAdr><StrtNm>Bahnhofstrasse</StrtNm><BldgNb>13</BldgNb><PstCd>7302</PstCd><TwnNm>Landquart</TwnNm><Ctry>CH</Ctry></PstlAdr></Dbtr></RltdPties><RmtInf><Strd><CdtrRefInf><Tp><CdOrPrtry><Prtry>QRR</Prtry></CdOrPrtry></Tp><Ref>264029000000000000042310075</Ref></CdtrRefInf></Strd></RmtInf><AddtlTxInf>Credit QR reference</AddtlTxInf></TxDtls><TxDtls><Refs><AcctSvcrRef>9999239ZC3863688</AcctSvcrRef><EndToEndId>SWI7814f0caa66d48829a2abfd880e48e13</EndToEndId></Refs><Amt Ccy="CHF">133.65</Amt><CdtDbtInd>CRDT</CdtDbtInd><AmtDtls><InstdAmt><Amt Ccy="CHF">133.65</Amt></InstdAmt><TxAmt><Amt Ccy="CHF">133.65</Amt></TxAmt></AmtDtls><BkTxCd><Domn><Cd>PMNT</Cd><Fmly><Cd>RCDT</Cd><SubFmlyCd>VCOM</SubFmlyCd></Fmly></Domn><Prtry><Cd>A89</Cd></Prtry></BkTxCd><RltdPties><Dbtr><Nm>SWICA Krankenver.AG Winterthur</Nm><PstlAdr><StrtNm>Römerstrasse</StrtNm><BldgNb>38</BldgNb><PstCd>8400</PstCd><TwnNm>Winterthur</TwnNm><Ctry>CH</Ctry></PstlAdr></Dbtr></RltdPties><RmtInf><Strd><CdtrRefInf><Tp><CdOrPrtry><Prtry>QRR</Prtry></CdOrPrtry></Tp><Ref>264029000000000000214250067</Ref></CdtrRefInf></Strd></RmtInf><AddtlTxInf>Credit QR reference</AddtlTxInf></TxDtls><TxDtls><Refs><AcctSvcrRef>9999239ZC3864027</AcctSvcrRef><EndToEndId>SWI1b91a46cdc684da18fe4a366eadbae7f</EndToEndId></Refs><Amt Ccy="CHF">70.9</Amt><CdtDbtInd>CRDT</CdtDbtInd><AmtDtls><InstdAmt><Amt Ccy="CHF">70.9</Amt></InstdAmt><TxAmt><Amt Ccy="CHF">70.9</Amt></TxAmt></AmtDtls><BkTxCd><Domn><Cd>PMNT</Cd><Fmly><Cd>RCDT</Cd><SubFmlyCd>VCOM</SubFmlyCd></Fmly></Domn><Prtry><Cd>A89</Cd></Prtry></BkTxCd><RltdPties><Dbtr><Nm>SWICA Krankenver.AG Winterthur</Nm><PstlAdr><StrtNm>Römerstrasse</StrtNm><BldgNb>38</BldgNb><PstCd>8400</PstCd><TwnNm>Winterthur</TwnNm><Ctry>CH</Ctry></PstlAdr></Dbtr></RltdPties><RmtInf><Strd><CdtrRefInf><Tp><CdOrPrtry><Prtry>QRR</Prtry></CdOrPrtry></Tp><Ref>264029000000000000207640094</Ref></CdtrRefInf></Strd></RmtInf><AddtlTxInf>Credit QR reference</AddtlTxInf></TxDtls><TxDtls><Refs><AcctSvcrRef>9999239ZC3867190</AcctSvcrRef><EndToEndId>SWIf4ccd2675cde417b87bbeaa2131ab48f</EndToEndId></Refs><Amt Ccy="CHF">127</Amt><CdtDbtInd>CRDT</CdtDbtInd><AmtDtls><InstdAmt><Amt Ccy="CHF">127</Amt></InstdAmt><TxAmt><Amt Ccy="CHF">127</Amt></TxAmt></AmtDtls><BkTxCd><Domn><Cd>PMNT</Cd><Fmly><Cd>RCDT</Cd><SubFmlyCd>VCOM</SubFmlyCd></Fmly></Domn><Prtry><Cd>A89</Cd></Prtry></BkTxCd><RltdPties><Dbtr><Nm>SWICA Krankenver.AG Winterthur</Nm><PstlAdr><StrtNm>Römerstrasse</StrtNm><BldgNb>38</BldgNb><PstCd>8400</PstCd><TwnNm>Winterthur</TwnNm><Ctry>CH</Ctry></PstlAdr></Dbtr></RltdPties><RmtInf><Strd><CdtrRefInf><Tp><CdOrPrtry><Prtry>QRR</Prtry></CdOrPrtry></Tp><Ref>264029000000000000003550231</Ref></CdtrRefInf></Strd></RmtInf><AddtlTxInf>Credit QR reference</AddtlTxInf></TxDtls><TxDtls><Refs><AcctSvcrRef>9999239ZC3861367</AcctSvcrRef><EndToEndId>AQU17aef33357084c51a2dfa3d7f9e88d22</EndToEndId></Refs><Amt Ccy="CHF">426.25</Amt><CdtDbtInd>CRDT</CdtDbtInd><AmtDtls><InstdAmt><Amt Ccy="CHF">426.25</Amt></InstdAmt><TxAmt><Amt Ccy="CHF">426.25</Amt></TxAmt></AmtDtls><BkTxCd><Domn><Cd>PMNT</Cd><Fmly><Cd>RCDT</Cd><SubFmlyCd>VCOM</SubFmlyCd></Fmly></Domn><Prtry><Cd>A89</Cd></Prtry></BkTxCd><RltdPties><Dbtr><Nm>Aquilana Versicherungen</Nm><PstlAdr><StrtNm>Bruggerstrasse</StrtNm><BldgNb>46</BldgNb><PstCd>5400</PstCd><TwnNm>Baden</TwnNm><Ctry>CH</Ctry></PstlAdr></Dbtr></RltdPties><RmtInf><Strd><CdtrRefInf><Tp><CdOrPrtry><Prtry>QRR</Prtry></CdOrPrtry></Tp><Ref>264029000000000000212030236</Ref></CdtrRefInf></Strd></RmtInf><AddtlTxInf>Credit QR reference</AddtlTxInf></TxDtls><TxDtls><Refs><AcctSvcrRef>9999239ZC3870532</AcctSvcrRef><EndToEndId>SWI3456cf9ba7de4e69847e0abec9a26095</EndToEndId></Refs><Amt Ccy="CHF">5.85</Amt><CdtDbtInd>CRDT</CdtDbtInd><AmtDtls><InstdAmt><Amt Ccy="CHF">5.85</Amt></InstdAmt><TxAmt><Amt Ccy="CHF">5.85</Amt></TxAmt></AmtDtls><BkTxCd><Domn><Cd>PMNT</Cd><Fmly><Cd>RCDT</Cd><SubFmlyCd>VCOM</SubFmlyCd></Fmly></Domn><Prtry><Cd>A89</Cd></Prtry></BkTxCd><RltdPties><Dbtr><Nm>SWICA Krankenver.AG Winterthur</Nm><PstlAdr><StrtNm>Römerstrasse</StrtNm><BldgNb>38</BldgNb><PstCd>8400</PstCd><TwnNm>Winterthur</TwnNm><Ctry>CH</Ctry></PstlAdr></Dbtr></RltdPties><RmtInf><Strd><CdtrRefInf><Tp><CdOrPrtry><Prtry>QRR</Prtry></CdOrPrtry></Tp><Ref>264029000000000020050270117</Ref></CdtrRefInf></Strd></RmtInf><AddtlTxInf>Credit QR reference</AddtlTxInf></TxDtls><TxDtls><Refs><AcctSvcrRef>9999239ZC3872116</AcctSvcrRef><EndToEndId>SWIecdbc8c8638b4b9bbe59c366cd608733</EndToEndId></Refs><Amt Ccy="CHF">188.25</Amt><CdtDbtInd>CRDT</CdtDbtInd><AmtDtls><InstdAmt><Amt Ccy="CHF">188.25</Amt></InstdAmt><TxAmt><Amt Ccy="CHF">188.25</Amt></TxAmt></AmtDtls><BkTxCd><Domn><Cd>PMNT</Cd><Fmly><Cd>RCDT</Cd><SubFmlyCd>VCOM</SubFmlyCd></Fmly></Domn><Prtry><Cd>A89</Cd></Prtry></BkTxCd><RltdPties><Dbtr><Nm>SWICA Krankenver.AG Winterthur</Nm><PstlAdr><StrtNm>Römerstrasse</StrtNm><BldgNb>38</BldgNb><PstCd>8400</PstCd><TwnNm>Winterthur</TwnNm><Ctry>CH</Ctry></PstlAdr></Dbtr></RltdPties><RmtInf><Strd><CdtrRefInf><Tp><CdOrPrtry><Prtry>QRR</Prtry></CdOrPrtry></Tp><Ref>264029000000000000050310697</Ref></CdtrRefInf></Strd></RmtInf><AddtlTxInf>Credit QR reference</AddtlTxInf></TxDtls><TxDtls><Refs><AcctSvcrRef>9999239ZC3873548</AcctSvcrRef><EndToEndId>SWI62b0ea5484ab4aceac79e9fe54db7c73</EndToEndId></Refs><Amt Ccy="CHF">36.05</Amt><CdtDbtInd>CRDT</CdtDbtInd><AmtDtls><InstdAmt><Amt Ccy="CHF">36.05</Amt></InstdAmt><TxAmt><Amt Ccy="CHF">36.05</Amt></TxAmt></AmtDtls><BkTxCd><Domn><Cd>PMNT</Cd><Fmly><Cd>RCDT</Cd><SubFmlyCd>VCOM</SubFmlyCd></Fmly></Domn><Prtry><Cd>A89</Cd></Prtry></BkTxCd><RltdPties><Dbtr><Nm>SWICA Krankenver.AG Winterthur</Nm><PstlAdr><StrtNm>Römerstrasse</StrtNm><BldgNb>38</BldgNb><PstCd>8400</PstCd><TwnNm>Winterthur</TwnNm><Ctry>CH</Ctry></PstlAdr></Dbtr></RltdPties><RmtInf><Strd><CdtrRefInf><Tp><CdOrPrtry><Prtry>QRR</Prtry></CdOrPrtry></Tp><Ref>264029000000000000214470391</Ref></CdtrRefInf></Strd></RmtInf><AddtlTxInf>Credit QR reference</AddtlTxInf></TxDtls><TxDtls><Refs><AcctSvcrRef>9999239ZC3877684</AcctSvcrRef><EndToEndId>SWI6f06f7b10069424899f39bb443d42d9d</EndToEndId></Refs><Amt Ccy="CHF">240.1</Amt><CdtDbtInd>CRDT</CdtDbtInd><AmtDtls><InstdAmt><Amt Ccy="CHF">240.1</Amt></InstdAmt><TxAmt><Amt Ccy="CHF">240.1</Amt></TxAmt></AmtDtls><BkTxCd><Domn><Cd>PMNT</Cd><Fmly><Cd>RCDT</Cd><SubFmlyCd>VCOM</SubFmlyCd></Fmly></Domn><Prtry><Cd>A89</Cd></Prtry></BkTxCd><RltdPties><Dbtr><Nm>SWICA Krankenver.AG Winterthur</Nm><PstlAdr><StrtNm>Römerstrasse</StrtNm><BldgNb>38</BldgNb><PstCd>8400</PstCd><TwnNm>Winterthur</TwnNm><Ctry>CH</Ctry></PstlAdr></Dbtr></RltdPties><RmtInf><Strd><CdtrRefInf><Tp><CdOrPrtry><Prtry>QRR</Prtry></CdOrPrtry></Tp><Ref>264029000000000000200390436</Ref></CdtrRefInf></Strd></RmtInf><AddtlTxInf>Credit QR reference</AddtlTxInf></TxDtls><TxDtls><Refs><AcctSvcrRef>9999239ZC3885947</AcctSvcrRef><EndToEndId>SWI4288f15c5e4c4462b1a152dc24f9a2ff</EndToEndId></Refs><Amt Ccy="CHF">45.8</Amt><CdtDbtInd>CRDT</CdtDbtInd><AmtDtls><InstdAmt><Amt Ccy="CHF">45.8</Amt></InstdAmt><TxAmt><Amt Ccy="CHF">45.8</Amt></TxAmt></AmtDtls><BkTxCd><Domn><Cd>PMNT</Cd><Fmly><Cd>RCDT</Cd><SubFmlyCd>VCOM</SubFmlyCd></Fmly></Domn><Prtry><Cd>A89</Cd></Prtry></BkTxCd><RltdPties><Dbtr><Nm>SWICA Krankenver.AG Winterthur</Nm><PstlAdr><StrtNm>Römerstrasse</StrtNm><BldgNb>38</BldgNb><PstCd>8400</PstCd><TwnNm>Winterthur</TwnNm><Ctry>CH</Ctry></PstlAdr></Dbtr></RltdPties><RmtInf><Strd><CdtrRefInf><Tp><CdOrPrtry><Prtry>QRR</Prtry></CdOrPrtry></Tp><Ref>264029000000000000207250289</Ref></CdtrRefInf></Strd></RmtInf><AddtlTxInf>Credit QR reference</AddtlTxInf></TxDtls><TxDtls><Refs><AcctSvcrRef>9999239ZC3886709</AcctSvcrRef><EndToEndId>SWI21fb640321444dbeb152a1b9715f64e6</EndToEndId></Refs><Amt Ccy="CHF">30.9</Amt><CdtDbtInd>CRDT</CdtDbtInd><AmtDtls><InstdAmt><Amt Ccy="CHF">30.9</Amt></InstdAmt><TxAmt><Amt Ccy="CHF">30.9</Amt></TxAmt></AmtDtls><BkTxCd><Domn><Cd>PMNT</Cd><Fmly><Cd>RCDT</Cd><SubFmlyCd>VCOM</SubFmlyCd></Fmly></Domn><Prtry><Cd>A89</Cd></Prtry></BkTxCd><RltdPties><Dbtr><Nm>SWICA Krankenver.AG Winterthur</Nm><PstlAdr><StrtNm>Römerstrasse</StrtNm><BldgNb>38</BldgNb><PstCd>8400</PstCd><TwnNm>Winterthur</TwnNm><Ctry>CH</Ctry></PstlAdr></Dbtr></RltdPties><RmtInf><Strd><CdtrRefInf><Tp><CdOrPrtry><Prtry>QRR</Prtry></CdOrPrtry></Tp><Ref>264029000000000000008940273</Ref></CdtrRefInf></Strd></RmtInf><AddtlTxInf>Credit QR reference</AddtlTxInf></TxDtls><TxDtls><Refs><AcctSvcrRef>9999239ZC3892090</AcctSvcrRef><EndToEndId>SWI968919faa61947a883cc5353325b7171</EndToEndId></Refs><Amt Ccy="CHF">183.05</Amt><CdtDbtInd>CRDT</CdtDbtInd><AmtDtls><InstdAmt><Amt Ccy="CHF">183.05</Amt></InstdAmt><TxAmt><Amt Ccy="CHF">183.05</Amt></TxAmt></AmtDtls><BkTxCd><Domn><Cd>PMNT</Cd><Fmly><Cd>RCDT</Cd><SubFmlyCd>VCOM</SubFmlyCd></Fmly></Domn><Prtry><Cd>A89</Cd></Prtry></BkTxCd><RltdPties><Dbtr><Nm>SWICA Krankenver.AG Winterthur</Nm><PstlAdr><StrtNm>Römerstrasse</StrtNm><BldgNb>38</BldgNb><PstCd>8400</PstCd><TwnNm>Winterthur</TwnNm><Ctry>CH</Ctry></PstlAdr></Dbtr></RltdPties><RmtInf><Strd><CdtrRefInf><Tp><CdOrPrtry><Prtry>QRR</Prtry></CdOrPrtry></Tp><Ref>264029000000000000143890226</Ref></CdtrRefInf></Strd></RmtInf><AddtlTxInf>Credit QR reference</AddtlTxInf></TxDtls><TxDtls><Refs><AcctSvcrRef>9999239ZC3892161</AcctSvcrRef><EndToEndId>SWI9f05b0ae35bd408590bb1eca97a25210</EndToEndId></Refs><Amt Ccy="CHF">130.15</Amt><CdtDbtInd>CRDT</CdtDbtInd><AmtDtls><InstdAmt><Amt Ccy="CHF">130.15</Amt></InstdAmt><TxAmt><Amt Ccy="CHF">130.15</Amt></TxAmt></AmtDtls><BkTxCd><Domn><Cd>PMNT</Cd><Fmly><Cd>RCDT</Cd><SubFmlyCd>VCOM</SubFmlyCd></Fmly></Domn><Prtry><Cd>A89</Cd></Prtry></BkTxCd><RltdPties><Dbtr><Nm>SWICA Krankenver.AG Winterthur</Nm><PstlAdr><StrtNm>Römerstrasse</StrtNm><BldgNb>38</BldgNb><PstCd>8400</PstCd><TwnNm>Winterthur</TwnNm><Ctry>CH</Ctry></PstlAdr></Dbtr></RltdPties><RmtInf><Strd><CdtrRefInf><Tp><CdOrPrtry><Prtry>QRR</Prtry></CdOrPrtry></Tp><Ref>264029000000000000223480018</Ref></CdtrRefInf></Strd></RmtInf><AddtlTxInf>Credit QR reference</AddtlTxInf></TxDtls><TxDtls><Refs><AcctSvcrRef>9999239ZC3898620</AcctSvcrRef><EndToEndId>COK9f28aee83b1a4a58804733590d03d4c1</EndToEndId></Refs><Amt Ccy="CHF">2482.5</Amt><CdtDbtInd>CRDT</CdtDbtInd><AmtDtls><InstdAmt><Amt Ccy="CHF">2482.5</Amt></InstdAmt><TxAmt><Amt Ccy="CHF">2482.5</Amt></TxAmt></AmtDtls><BkTxCd><Domn><Cd>PMNT</Cd><Fmly><Cd>RCDT</Cd><SubFmlyCd>VCOM</SubFmlyCd></Fmly></Domn><Prtry><Cd>A89</Cd></Prtry></BkTxCd><RltdPties><Dbtr><Nm>CONCORDIA Luzern</Nm><PstlAdr><StrtNm>Bundesplatz</StrtNm><BldgNb>15</BldgNb><PstCd>6003</PstCd><TwnNm>Luzern</TwnNm><Ctry>CH</Ctry></PstlAdr></Dbtr></RltdPties><RmtInf><Strd><CdtrRefInf><Tp><CdOrPrtry><Prtry>QRR</Prtry></CdOrPrtry></Tp><Ref>264029000000000000006110573</Ref></CdtrRefInf></Strd></RmtInf><AddtlTxInf>Credit QR reference</AddtlTxInf></TxDtls><TxDtls><Refs><AcctSvcrRef>9999239ZC3917344</AcctSvcrRef><EndToEndId>OKKe5713228b3de42068ef9b7986a8e45c7</EndToEndId></Refs><Amt Ccy="CHF">47.5</Amt><CdtDbtInd>CRDT</CdtDbtInd><AmtDtls><InstdAmt><Amt Ccy="CHF">47.5</Amt></InstdAmt><TxAmt><Amt Ccy="CHF">47.5</Amt></TxAmt></AmtDtls><BkTxCd><Domn><Cd>PMNT</Cd><Fmly><Cd>RCDT</Cd><SubFmlyCd>VCOM</SubFmlyCd></Fmly></Domn><Prtry><Cd>A89</Cd></Prtry></BkTxCd><RltdPties><Dbtr><Nm>ÖKK Kranken- und Unfallvers.</Nm><PstlAdr><StrtNm>Bahnhofstrasse</StrtNm><BldgNb>13</BldgNb><PstCd>7302</PstCd><TwnNm>Landquart</TwnNm><Ctry>CH</Ctry></PstlAdr></Dbtr></RltdPties><RmtInf><Strd><CdtrRefInf><Tp><CdOrPrtry><Prtry>QRR</Prtry></CdOrPrtry></Tp><Ref>264029000000000000038290773</Ref></CdtrRefInf></Strd></RmtInf><AddtlTxInf>Credit QR reference</AddtlTxInf></TxDtls><TxDtls><Refs><AcctSvcrRef>9999239ZC3917301</AcctSvcrRef><EndToEndId>NOTPROVIDED</EndToEndId></Refs><Amt Ccy="CHF">21.2</Amt><CdtDbtInd>CRDT</CdtDbtInd><AmtDtls><InstdAmt><Amt Ccy="CHF">21.2</Amt></InstdAmt><TxAmt><Amt Ccy="CHF">21.2</Amt></TxAmt></AmtDtls><BkTxCd><Domn><Cd>PMNT</Cd><Fmly><Cd>RCDT</Cd><SubFmlyCd>VCOM</SubFmlyCd></Fmly></Domn><Prtry><Cd>A89</Cd></Prtry></BkTxCd><RltdPties><Dbtr><Nm>Johanna Glaser</Nm><PstlAdr><Ctry>CH</Ctry><AdrLine>Bahnhofstrasse 12</AdrLine><AdrLine>9430 St. Margrethen SG</AdrLine></PstlAdr></Dbtr></RltdPties><RmtInf><Strd><CdtrRefInf><Tp><CdOrPrtry><Prtry>QRR</Prtry></CdOrPrtry></Tp><Ref>264029000000000000185780627</Ref></CdtrRefInf><AddtlRmtInf>Rechnungsnummer 018578-062</AddtlRmtInf></Strd></RmtInf><AddtlTxInf>Credit QR reference</AddtlTxInf></TxDtls><TxDtls><Refs><AcctSvcrRef>9999239ZC3950877</AcctSvcrRef><EndToEndId>SWIcb16ad12848349449ee7294b43ea2571</EndToEndId></Refs><Amt Ccy="CHF">86.15</Amt><CdtDbtInd>CRDT</CdtDbtInd><AmtDtls><InstdAmt><Amt Ccy="CHF">86.15</Amt></InstdAmt><TxAmt><Amt Ccy="CHF">86.15</Amt></TxAmt></AmtDtls><BkTxCd><Domn><Cd>PMNT</Cd><Fmly><Cd>RCDT</Cd><SubFmlyCd>VCOM</SubFmlyCd></Fmly></Domn><Prtry><Cd>A89</Cd></Prtry></BkTxCd><RltdPties><Dbtr><Nm>SWICA Krankenver.AG Winterthur</Nm><PstlAdr><StrtNm>Römerstrasse</StrtNm><BldgNb>38</BldgNb><PstCd>8400</PstCd><TwnNm>Winterthur</TwnNm><Ctry>CH</Ctry></PstlAdr></Dbtr></RltdPties><RmtInf><Strd><CdtrRefInf><Tp><CdOrPrtry><Prtry>QRR</Prtry></CdOrPrtry></Tp><Ref>264029000000000000223490011</Ref></CdtrRefInf></Strd></RmtInf><AddtlTxInf>Credit QR reference</AddtlTxInf></TxDtls></NtryDtls><AddtlNtryInf>Credit QR reference</AddtlNtryInf></Ntry></Ntfctn></BkToCstmrDbtCdtNtfctn></Document>