<?xml version="1.0" encoding="UTF-8"?><Document xmlns="urn:iso:std:iso:20022:tech:xsd:camt.054.001.04" xmlns:xsi="http://www.w3.org/2001/XMLSchema-instance"><BkToCstmrDbtCdtNtfctn><GrpHdr><MsgId>WH9CEKBDMRU4XG6A</MsgId><CreDtTm>2024-08-30T18:53:08+02:00</CreDtTm><MsgRcpt><Id><OrgId><AnyBIC>UBSWCHZHREB</AnyBIC></OrgId></Id></MsgRcpt><MsgPgntn><PgNb>1</PgNb><LastPgInd>true</LastPgInd></MsgPgntn><AddtlInf>SPS/1.7</AddtlInf></GrpHdr><Ntfctn><Id>WH9CEKBDMRU4XG6A</Id><CreDtTm>2024-08-30T18:53:08+02:00</CreDtTm><FrToDt><FrDtTm>2024-08-30T00:00:00+02:00</FrDtTm><ToDtTm>2024-08-30T24:00:00+02:00</ToDtTm></FrToDt><RptgSrc><Prtry>OTHR</Prtry></RptgSrc><Acct><Id><IBAN>CH720020620615146201J</IBAN></Id><Ccy>CHF</Ccy><Ownr><Nm>Hausarztpraxis Buchs AG</Nm></Ownr><Svcr><FinInstnId><BICFI>UBSWCHZH80A</BICFI><Nm>UBS Switzerland AG</Nm><Othr><Id>CHE-116.303.292 MWST</Id><Issr>VAT-ID</Issr></Othr></FinInstnId></Svcr></Acct><Ntry><NtryRef>CH233000520615146201J</NtryRef><Amt Ccy="CHF">293.45</Amt><CdtDbtInd>CRDT</CdtDbtInd><Sts>BOOK</Sts><BookgDt><Dt>2024-08-30</Dt></BookgDt><ValDt><Dt>2024-08-30</Dt></ValDt><AcctSvcrRef>2024243PH0002202</AcctSvcrRef><BkTxCd><Domn><Cd>PMNT</Cd><Fmly><Cd>RCDT</Cd><SubFmlyCd>VCOM</SubFmlyCd></Fmly></Domn><Prtry><Cd>A89</Cd></Prtry></BkTxCd><NtryDtls><Btch><MsgId>240828CH0C6M93GC</MsgId><NbOfTxs>3</NbOfTxs><TtlAmt Ccy="CHF">293.45</TtlAmt><CdtDbtInd>CRDT</CdtDbtInd></Btch><TxDtls><Refs><AcctSvcrRef>9999243ZC6495575</AcctSvcrRef><EndToEndId>KPTa3160aac98e94a4e99defe2838badc01</EndToEndId></Refs><Amt Ccy="CHF">45.45</Amt><CdtDbtInd>CRDT</CdtDbtInd><AmtDtls><InstdAmt><Amt Ccy="CHF">45.45</Amt></InstdAmt><TxAmt><Amt Ccy="CHF">45.45</Amt></TxAmt></AmtDtls><BkTxCd><Domn><Cd>PMNT</Cd><Fmly><Cd>RCDT</Cd><SubFmlyCd>VCOM</SubFmlyCd></Fmly></Domn><Prtry><Cd>A89</Cd></Prtry></BkTxCd><RltdPties><Dbtr><Nm>KPT Krankenkasse AG</Nm><PstlAdr><StrtNm>Wankdorfallee</StrtNm><BldgNb>3</BldgNb><PstCd>3014</PstCd><TwnNm>Bern</TwnNm><Ctry>CH</Ctry></PstlAdr></Dbtr></RltdPties><RmtInf><Strd><CdtrRefInf><Tp><CdOrPrtry><Prtry>QRR</Prtry></CdOrPrtry></Tp><Ref>264029000000000000138990280</Ref></CdtrRefInf></Strd></RmtInf><AddtlTxInf>Credit QR reference</AddtlTxInf></TxDtls><TxDtls><Refs><AcctSvcrRef>9999243ZC6543450</AcctSvcrRef><EndToEndId>KPT7c6262d345ed44f48f5bb89754d6c432</EndToEndId></Refs><Amt Ccy="CHF">172.8</Amt><CdtDbtInd>CRDT</CdtDbtInd><AmtDtls><InstdAmt><Amt Ccy="CHF">172.8</Amt></InstdAmt><TxAmt><Amt Ccy="CHF">172.8</Amt></TxAmt></AmtDtls><BkTxCd><Domn><Cd>PMNT</Cd><Fmly><Cd>RCDT</Cd><SubFmlyCd>VCOM</SubFmlyCd></Fmly></Domn><Prtry><Cd>A89</Cd></Prtry></BkTxCd><RltdPties><Dbtr><Nm>KPT Krankenkasse AG</Nm><PstlAdr><StrtNm>Wankdorfallee</StrtNm><BldgNb>3</BldgNb><PstCd>3014</PstCd><TwnNm>Bern</TwnNm><Ctry>CH</Ctry></PstlAdr></Dbtr></RltdPties><RmtInf><Strd><CdtrRefInf><Tp><CdOrPrtry><Prtry>QRR</Prtry></CdOrPrtry></Tp><Ref>264029000000000000184740733</Ref></CdtrRefInf></Strd></RmtInf><AddtlTxInf>Credit QR reference</AddtlTxInf></TxDtls><TxDtls><Refs><AcctSvcrRef>9999243ZC6543807</AcctSvcrRef><EndToEndId>KPTef5f362b796f49b58a3e6f9154c81fbf</EndToEndId></Refs><Amt Ccy="CHF">75.2</Amt><CdtDbtInd>CRDT</CdtDbtInd><AmtDtls><InstdAmt><Amt Ccy="CHF">75.2</Amt></InstdAmt><TxAmt><Amt Ccy="CHF">75.2</Amt></TxAmt></AmtDtls><BkTxCd><Domn><Cd>PMNT</Cd><Fmly><Cd>RCDT</Cd><SubFmlyCd>VCOM</SubFmlyCd></Fmly></Domn><Prtry><Cd>A89</Cd></Prtry></BkTxCd><RltdPties><Dbtr><Nm>KPT Krankenkasse AG</Nm><PstlAdr><StrtNm>Wankdorfallee</StrtNm><BldgNb>3</BldgNb><PstCd>3014</PstCd><TwnNm>Bern</TwnNm><Ctry>CH</Ctry></PstlAdr></Dbtr></RltdPties><RmtInf><Strd><CdtrRefInf><Tp><CdOrPrtry><Prtry>QRR</Prtry></CdOrPrtry></Tp><Ref>264029000000000000049500039</Ref></CdtrRefInf></Strd></RmtInf><AddtlTxInf>Credit QR reference</AddtlTxInf></TxDtls></NtryDtls><AddtlNtryInf>Credit QR reference</AddtlNtryInf></Ntry></Ntfctn></BkToCstmrDbtCdtNtfctn></Document>