<?xml version="1.0" encoding="UTF-8"?><Document xmlns="urn:iso:std:iso:20022:tech:xsd:camt.054.001.04" xmlns:xsi="http://www.w3.org/2001/XMLSchema-instance"><BkToCstmrDbtCdtNtfctn><GrpHdr><MsgId>WH9CEKBDKFTZWZXA</MsgId><CreDtTm>2024-08-28T18:45:04+02:00</CreDtTm><MsgRcpt><Id><OrgId><AnyBIC>UBSWCHZHREB</AnyBIC></OrgId></Id></MsgRcpt><MsgPgntn><PgNb>1</PgNb><LastPgInd>true</LastPgInd></MsgPgntn><AddtlInf>SPS/1.7</AddtlInf></GrpHdr><Ntfctn><Id>WH9CEKBDKFTZWZXA</Id><CreDtTm>2024-08-28T18:45:04+02:00</CreDtTm><FrToDt><FrDtTm>2024-08-28T00:00:00+02:00</FrDtTm><ToDtTm>2024-08-28T24:00:00+02:00</ToDtTm></FrToDt><RptgSrc><Prtry>OTHR</Prtry></RptgSrc><Acct><Id><IBAN>CH720020620615146201J</IBAN></Id><Ccy>CHF</Ccy><Ownr><Nm>Hausarztpraxis Buchs AG</Nm></Ownr><Svcr><FinInstnId><BICFI>UBSWCHZH80A</BICFI><Nm>UBS Switzerland AG</Nm><Othr><Id>CHE-116.303.292 MWST</Id><Issr>VAT-ID</Issr></Othr></FinInstnId></Svcr></Acct><Ntry><NtryRef>CH233000520615146201J</NtryRef><Amt Ccy="CHF">5027.55</Amt><CdtDbtInd>CRDT</CdtDbtInd><Sts>BOOK</Sts><BookgDt><Dt>2024-08-28</Dt></BookgDt><ValDt><Dt>2024-08-28</Dt></ValDt><AcctSvcrRef>2024241PH0001021</AcctSvcrRef><BkTxCd><Domn><Cd>PMNT</Cd><Fmly><Cd>RCDT</Cd><SubFmlyCd>VCOM</SubFmlyCd></Fmly></Domn><Prtry><Cd>A89</Cd></Prtry></BkTxCd><NtryDtls><Btch><MsgId>240827CH0C68OBT8</MsgId><NbOfTxs>20</NbOfTxs><TtlAmt Ccy="CHF">5027.55</TtlAmt><CdtDbtInd>CRDT</CdtDbtInd></Btch><TxDtls><Refs><AcctSvcrRef>9999241ZC5153140</AcctSvcrRef><EndToEndId>SAN461552fd04924a42af4029d961ee2d52</EndToEndId></Refs><Amt Ccy="CHF">331.85</Amt><CdtDbtInd>CRDT</CdtDbtInd><AmtDtls><InstdAmt><Amt Ccy="CHF">331.85</Amt></InstdAmt><TxAmt><Amt Ccy="CHF">331.85</Amt></TxAmt></AmtDtls><BkTxCd><Domn><Cd>PMNT</Cd><Fmly><Cd>RCDT</Cd><SubFmlyCd>VCOM</SubFmlyCd></Fmly></Domn><Prtry><Cd>A89</Cd></Prtry></BkTxCd><RltdPties><Dbtr><Nm>Sanitas Grundversicherungen AG</Nm><PstlAdr><StrtNm>Jägergasse</StrtNm><BldgNb>3</BldgNb><PstCd>8004</PstCd><TwnNm>Zürich</TwnNm><Ctry>CH</Ctry></PstlAdr></Dbtr></RltdPties><RmtInf><Strd><CdtrRefInf><Tp><CdOrPrtry><Prtry>QRR</Prtry></CdOrPrtry></Tp><Ref>264029000000000000022440179</Ref></CdtrRefInf></Strd></RmtInf><AddtlTxInf>Credit QR reference</AddtlTxInf></TxDtls><TxDtls><Refs><AcctSvcrRef>9999241ZC5195966</AcctSvcrRef><EndToEndId>004860586356</EndToEndId></Refs><Amt Ccy="CHF">6.15</Amt><CdtDbtInd>CRDT</CdtDbtInd><AmtDtls><InstdAmt><Amt Ccy="CHF">6.15</Amt></InstdAmt><TxAmt><Amt Ccy="CHF">6.15</Amt></TxAmt></AmtDtls><BkTxCd><Domn><Cd>PMNT</Cd><Fmly><Cd>RCDT</Cd><SubFmlyCd>VCOM</SubFmlyCd></Fmly></Domn><Prtry><Cd>A89</Cd></Prtry></BkTxCd><RltdPties><Dbtr><Nm>CSS Kranken-Versicherung AG</Nm><PstlAdr><StrtNm>Tribschenstrasse</StrtNm><BldgNb>21</BldgNb><PstCd>6005</PstCd><TwnNm>Luzern</TwnNm><Ctry>CH</Ctry></PstlAdr></Dbtr></RltdPties><RmtInf><Strd><CdtrRefInf><Tp><CdOrPrtry><Prtry>QRR</Prtry></CdOrPrtry></Tp><Ref>264029000000000000207100169</Ref></CdtrRefInf></Strd></RmtInf><AddtlTxInf>Credit QR reference</AddtlTxInf></TxDtls><TxDtls><Refs><AcctSvcrRef>9999241ZC5196156</AcctSvcrRef><EndToEndId>004860586355</EndToEndId></Refs><Amt Ccy="CHF">26.7</Amt><CdtDbtInd>CRDT</CdtDbtInd><AmtDtls><InstdAmt><Amt Ccy="CHF">26.7</Amt></InstdAmt><TxAmt><Amt Ccy="CHF">26.7</Amt></TxAmt></AmtDtls><BkTxCd><Domn><Cd>PMNT</Cd><Fmly><Cd>RCDT</Cd><SubFmlyCd>VCOM</SubFmlyCd></Fmly></Domn><Prtry><Cd>A89</Cd></Prtry></BkTxCd><RltdPties><Dbtr><Nm>CSS Kranken-Versicherung AG</Nm><PstlAdr><StrtNm>Tribschenstrasse</StrtNm><BldgNb>21</BldgNb><PstCd>6005</PstCd><TwnNm>Luzern</TwnNm><Ctry>CH</Ctry></PstlAdr></Dbtr></RltdPties><RmtInf><Strd><CdtrRefInf><Tp><CdOrPrtry><Prtry>QRR</Prtry></CdOrPrtry></Tp><Ref>264029000000000000019110632</Ref></CdtrRefInf></Strd></RmtInf><AddtlTxInf>Credit QR reference</AddtlTxInf></TxDtls><TxDtls><Refs><AcctSvcrRef>9999241ZC5211090</AcctSvcrRef><EndToEndId>SAN2665c3b1689a4dd386fbf961cc289f2b</EndToEndId></Refs><Amt Ccy="CHF">160.35</Amt><CdtDbtInd>CRDT</CdtDbtInd><AmtDtls><InstdAmt><Amt Ccy="CHF">160.35</Amt></InstdAmt><TxAmt><Amt Ccy="CHF">160.35</Amt></TxAmt></AmtDtls><BkTxCd><Domn><Cd>PMNT</Cd><Fmly><Cd>RCDT</Cd><SubFmlyCd>VCOM</SubFmlyCd></Fmly></Domn><Prtry><Cd>A89</Cd></Prtry></BkTxCd><RltdPties><Dbtr><Nm>Sanitas Grundversicherungen AG</Nm><PstlAdr><StrtNm>Jägergasse</StrtNm><BldgNb>3</BldgNb><PstCd>8004</PstCd><TwnNm>Zürich</TwnNm><Ctry>CH</Ctry></PstlAdr></Dbtr></RltdPties><RmtInf><Strd><CdtrRefInf><Tp><CdOrPrtry><Prtry>QRR</Prtry></CdOrPrtry></Tp><Ref>264029000000000000208740132</Ref></CdtrRefInf></Strd></RmtInf><AddtlTxInf>Credit QR reference</AddtlTxInf></TxDtls><TxDtls><Refs><AcctSvcrRef>9999241ZC5211267</AcctSvcrRef><EndToEndId>SAN0cdbd56a9a6d4ec1b21d022288e16860</EndToEndId></Refs><Amt Ccy="CHF">104.2</Amt><CdtDbtInd>CRDT</CdtDbtInd><AmtDtls><InstdAmt><Amt Ccy="CHF">104.2</Amt></InstdAmt><TxAmt><Amt Ccy="CHF">104.2</Amt></TxAmt></AmtDtls><BkTxCd><Domn><Cd>PMNT</Cd><Fmly><Cd>RCDT</Cd><SubFmlyCd>VCOM</SubFmlyCd></Fmly></Domn><Prtry><Cd>A89</Cd></Prtry></BkTxCd><RltdPties><Dbtr><Nm>Sanitas Grundversicherungen AG</Nm><PstlAdr><StrtNm>Jägergasse</StrtNm><BldgNb>3</BldgNb><PstCd>8004</PstCd><TwnNm>Zürich</TwnNm><Ctry>CH</Ctry></PstlAdr></Dbtr></RltdPties><RmtInf><Strd><CdtrRefInf><Tp><CdOrPrtry><Prtry>QRR</Prtry></CdOrPrtry></Tp><Ref>264029000000000000211910226</Ref></CdtrRefInf></Strd></RmtInf><AddtlTxInf>Credit QR reference</AddtlTxInf></TxDtls><TxDtls><Refs><AcctSvcrRef>9999241ZC5213137</AcctSvcrRef><EndToEndId>SANe45b28328170457c9043816a5957bbe9</EndToEndId></Refs><Amt Ccy="CHF">74.05</Amt><CdtDbtInd>CRDT</CdtDbtInd><AmtDtls><InstdAmt><Amt Ccy="CHF">74.05</Amt></InstdAmt><TxAmt><Amt Ccy="CHF">74.05</Amt></TxAmt></AmtDtls><BkTxCd><Domn><Cd>PMNT</Cd><Fmly><Cd>RCDT</Cd><SubFmlyCd>VCOM</SubFmlyCd></Fmly></Domn><Prtry><Cd>A89</Cd></Prtry></BkTxCd><RltdPties><Dbtr><Nm>Sanitas Grundversicherungen AG</Nm><PstlAdr><StrtNm>Jägergasse</StrtNm><BldgNb>3</BldgNb><PstCd>8004</PstCd><TwnNm>Zürich</TwnNm><Ctry>CH</Ctry></PstlAdr></Dbtr></RltdPties><RmtInf><Strd><CdtrRefInf><Tp><CdOrPrtry><Prtry>QRR</Prtry></CdOrPrtry></Tp><Ref>264029000000000000180630239</Ref></CdtrRefInf></Strd></RmtInf><AddtlTxInf>Credit QR reference</AddtlTxInf></TxDtls><TxDtls><Refs><AcctSvcrRef>9999241ZC5213205</AcctSvcrRef><EndToEndId>SANb09249f19cb94f1ab68f9eb6d5e194a6</EndToEndId></Refs><Amt Ccy="CHF">45.95</Amt><CdtDbtInd>CRDT</CdtDbtInd><AmtDtls><InstdAmt><Amt Ccy="CHF">45.95</Amt></InstdAmt><TxAmt><Amt Ccy="CHF">45.95</Amt></TxAmt></AmtDtls><BkTxCd><Domn><Cd>PMNT</Cd><Fmly><Cd>RCDT</Cd><SubFmlyCd>VCOM</SubFmlyCd></Fmly></Domn><Prtry><Cd>A89</Cd></Prtry></BkTxCd><RltdPties><Dbtr><Nm>Sanitas Grundversicherungen AG</Nm><PstlAdr><StrtNm>Jägergasse</StrtNm><BldgNb>3</BldgNb><PstCd>8004</PstCd><TwnNm>Zürich</TwnNm><Ctry>CH</Ctry></PstlAdr></Dbtr></RltdPties><RmtInf><Strd><CdtrRefInf><Tp><CdOrPrtry><Prtry>QRR</Prtry></CdOrPrtry></Tp><Ref>264029000000000000012200572</Ref></CdtrRefInf></Strd></RmtInf><AddtlTxInf>Credit QR reference</AddtlTxInf></TxDtls><TxDtls><Refs><AcctSvcrRef>9999241ZC5214236</AcctSvcrRef><EndToEndId>SANd20b9286bcf243b2bde181399228e5b6</EndToEndId></Refs><Amt Ccy="CHF">119.7</Amt><CdtDbtInd>CRDT</CdtDbtInd><AmtDtls><InstdAmt><Amt Ccy="CHF">119.7</Amt></InstdAmt><TxAmt><Amt Ccy="CHF">119.7</Amt></TxAmt></AmtDtls><BkTxCd><Domn><Cd>PMNT</Cd><Fmly><Cd>RCDT</Cd><SubFmlyCd>VCOM</SubFmlyCd></Fmly></Domn><Prtry><Cd>A89</Cd></Prtry></BkTxCd><RltdPties><Dbtr><Nm>Sanitas Grundversicherungen AG</Nm><PstlAdr><StrtNm>Jägergasse</StrtNm><BldgNb>3</BldgNb><PstCd>8004</PstCd><TwnNm>Zürich</TwnNm><Ctry>CH</Ctry></PstlAdr></Dbtr></RltdPties><RmtInf><Strd><CdtrRefInf><Tp><CdOrPrtry><Prtry>QRR</Prtry></CdOrPrtry></Tp><Ref>264029000000000000207550281</Ref></CdtrRefInf></Strd></RmtInf><AddtlTxInf>Credit QR reference</AddtlTxInf></TxDtls><TxDtls><Refs><AcctSvcrRef>9999241ZC5214465</AcctSvcrRef><EndToEndId>SAN287a34ac4f9248009f2b532bf2bd698c</EndToEndId></Refs><Amt Ccy="CHF">208.65</Amt><CdtDbtInd>CRDT</CdtDbtInd><AmtDtls><InstdAmt><Amt Ccy="CHF">208.65</Amt></InstdAmt><TxAmt><Amt Ccy="CHF">208.65</Amt></TxAmt></AmtDtls><BkTxCd><Domn><Cd>PMNT</Cd><Fmly><Cd>RCDT</Cd><SubFmlyCd>VCOM</SubFmlyCd></Fmly></Domn><Prtry><Cd>A89</Cd></Prtry></BkTxCd><RltdPties><Dbtr><Nm>Sanitas Grundversicherungen AG</Nm><PstlAdr><StrtNm>Jägergasse</StrtNm><BldgNb>3</BldgNb><PstCd>8004</PstCd><TwnNm>Zürich</TwnNm><Ctry>CH</Ctry></PstlAdr></Dbtr></RltdPties><RmtInf><Strd><CdtrRefInf><Tp><CdOrPrtry><Prtry>QRR</Prtry></CdOrPrtry></Tp><Ref>264029000000000000200770027</Ref></CdtrRefInf></Strd></RmtInf><AddtlTxInf>Credit QR reference</AddtlTxInf></TxDtls><TxDtls><Refs><AcctSvcrRef>9999241ZC5215337</AcctSvcrRef><EndToEndId>SAN4bcf76b974ca457991b609641d4f6a98</EndToEndId></Refs><Amt Ccy="CHF">206</Amt><CdtDbtInd>CRDT</CdtDbtInd><AmtDtls><InstdAmt><Amt Ccy="CHF">206</Amt></InstdAmt><TxAmt><Amt Ccy="CHF">206</Amt></TxAmt></AmtDtls><BkTxCd><Domn><Cd>PMNT</Cd><Fmly><Cd>RCDT</Cd><SubFmlyCd>VCOM</SubFmlyCd></Fmly></Domn><Prtry><Cd>A89</Cd></Prtry></BkTxCd><RltdPties><Dbtr><Nm>Sanitas Grundversicherungen AG</Nm><PstlAdr><StrtNm>Jägergasse</StrtNm><BldgNb>3</BldgNb><PstCd>8004</PstCd><TwnNm>Zürich</TwnNm><Ctry>CH</Ctry></PstlAdr></Dbtr></RltdPties><RmtInf><Strd><CdtrRefInf><Tp><CdOrPrtry><Prtry>QRR</Prtry></CdOrPrtry></Tp><Ref>264029000000000000222470023</Ref></CdtrRefInf></Strd></RmtInf><AddtlTxInf>Credit QR reference</AddtlTxInf></TxDtls><TxDtls><Refs><AcctSvcrRef>9999241ZC5215300</AcctSvcrRef><EndToEndId>SAN39286f0870f64645a48d06badacded7d</EndToEndId></Refs><Amt Ccy="CHF">36.8</Amt><CdtDbtInd>CRDT</CdtDbtInd><AmtDtls><InstdAmt><Amt Ccy="CHF">36.8</Amt></InstdAmt><TxAmt><Amt Ccy="CHF">36.8</Amt></TxAmt></AmtDtls><BkTxCd><Domn><Cd>PMNT</Cd><Fmly><Cd>RCDT</Cd><SubFmlyCd>VCOM</SubFmlyCd></Fmly></Domn><Prtry><Cd>A89</Cd></Prtry></BkTxCd><RltdPties><Dbtr><Nm>Sanitas Grundversicherungen AG</Nm><PstlAdr><StrtNm>Jägergasse</StrtNm><BldgNb>3</BldgNb><PstCd>8004</PstCd><TwnNm>Zürich</TwnNm><Ctry>CH</Ctry></PstlAdr></Dbtr></RltdPties><RmtInf><Strd><CdtrRefInf><Tp><CdOrPrtry><Prtry>QRR</Prtry></CdOrPrtry></Tp><Ref>264029000000000000207680149</Ref></CdtrRefInf></Strd></RmtInf><AddtlTxInf>Credit QR reference</AddtlTxInf></TxDtls><TxDtls><Refs><AcctSvcrRef>9999241ZC5217891</AcctSvcrRef><EndToEndId>SAN101ffdedde68498a8ca348870754ee3f</EndToEndId></Refs><Amt Ccy="CHF">389.55</Amt><CdtDbtInd>CRDT</CdtDbtInd><AmtDtls><InstdAmt><Amt Ccy="CHF">389.55</Amt></InstdAmt><TxAmt><Amt Ccy="CHF">389.55</Amt></TxAmt></AmtDtls><BkTxCd><Domn><Cd>PMNT</Cd><Fmly><Cd>RCDT</Cd><SubFmlyCd>VCOM</SubFmlyCd></Fmly></Domn><Prtry><Cd>A89</Cd></Prtry></BkTxCd><RltdPties><Dbtr><Nm>Sanitas Grundversicherungen AG</Nm><PstlAdr><StrtNm>Jägergasse</StrtNm><BldgNb>3</BldgNb><PstCd>8004</PstCd><TwnNm>Zürich</TwnNm><Ctry>CH</Ctry></PstlAdr></Dbtr></RltdPties><RmtInf><Strd><CdtrRefInf><Tp><CdOrPrtry><Prtry>QRR</Prtry></CdOrPrtry></Tp><Ref>264029000000000000091910440</Ref></CdtrRefInf></Strd></RmtInf><AddtlTxInf>Credit QR reference</AddtlTxInf></TxDtls><TxDtls><Refs><AcctSvcrRef>9999241ZC5217955</AcctSvcrRef><EndToEndId>SAN85e88df792c94b0786ce5743164d6c08</EndToEndId></Refs><Amt Ccy="CHF">140.65</Amt><CdtDbtInd>CRDT</CdtDbtInd><AmtDtls><InstdAmt><Amt Ccy="CHF">140.65</Amt></InstdAmt><TxAmt><Amt Ccy="CHF">140.65</Amt></TxAmt></AmtDtls><BkTxCd><Domn><Cd>PMNT</Cd><Fmly><Cd>RCDT</Cd><SubFmlyCd>VCOM</SubFmlyCd></Fmly></Domn><Prtry><Cd>A89</Cd></Prtry></BkTxCd><RltdPties><Dbtr><Nm>Sanitas Grundversicherungen AG</Nm><PstlAdr><StrtNm>Jägergasse</StrtNm><BldgNb>3</BldgNb><PstCd>8004</PstCd><TwnNm>Zürich</TwnNm><Ctry>CH</Ctry></PstlAdr></Dbtr></RltdPties><RmtInf><Strd><CdtrRefInf><Tp><CdOrPrtry><Prtry>QRR</Prtry></CdOrPrtry></Tp><Ref>264029000000000000220160028</Ref></CdtrRefInf></Strd></RmtInf><AddtlTxInf>Credit QR reference</AddtlTxInf></TxDtls><TxDtls><Refs><AcctSvcrRef>9999241ZC5290474</AcctSvcrRef><EndToEndId>004860586357</EndToEndId></Refs><Amt Ccy="CHF">36.35</Amt><CdtDbtInd>CRDT</CdtDbtInd><AmtDtls><InstdAmt><Amt Ccy="CHF">36.35</Amt></InstdAmt><TxAmt><Amt Ccy="CHF">36.35</Amt></TxAmt></AmtDtls><BkTxCd><Domn><Cd>PMNT</Cd><Fmly><Cd>RCDT</Cd><SubFmlyCd>VCOM</SubFmlyCd></Fmly></Domn><Prtry><Cd>A89</Cd></Prtry></BkTxCd><RltdPties><Dbtr><Nm>CSS Kranken-Versicherung AG</Nm><PstlAdr><StrtNm>Tribschenstrasse</StrtNm><BldgNb>21</BldgNb><PstCd>6005</PstCd><TwnNm>Luzern</TwnNm><Ctry>CH</Ctry></PstlAdr></Dbtr></RltdPties><RmtInf><Strd><CdtrRefInf><Tp><CdOrPrtry><Prtry>QRR</Prtry></CdOrPrtry></Tp><Ref>264029000000000000068170144</Ref></CdtrRefInf></Strd></RmtInf><AddtlTxInf>Credit QR reference</AddtlTxInf></TxDtls><TxDtls><Refs><AcctSvcrRef>9999241ZC5298251</AcctSvcrRef><EndToEndId>SAN7cd076534ecc4dff8a60686741f846fe</EndToEndId></Refs><Amt Ccy="CHF">477.9</Amt><CdtDbtInd>CRDT</CdtDbtInd><AmtDtls><InstdAmt><Amt Ccy="CHF">477.9</Amt></InstdAmt><TxAmt><Amt Ccy="CHF">477.9</Amt></TxAmt></AmtDtls><BkTxCd><Domn><Cd>PMNT</Cd><Fmly><Cd>RCDT</Cd><SubFmlyCd>VCOM</SubFmlyCd></Fmly></Domn><Prtry><Cd>A89</Cd></Prtry></BkTxCd><RltdPties><Dbtr><Nm>Sanitas Grundversicherungen AG</Nm><PstlAdr><StrtNm>Jägergasse</StrtNm><BldgNb>3</BldgNb><PstCd>8004</PstCd><TwnNm>Zürich</TwnNm><Ctry>CH</Ctry></PstlAdr></Dbtr></RltdPties><RmtInf><Strd><CdtrRefInf><Tp><CdOrPrtry><Prtry>QRR</Prtry></CdOrPrtry></Tp><Ref>264029000000000000051410731</Ref></CdtrRefInf></Strd></RmtInf><AddtlTxInf>Credit QR reference</AddtlTxInf></TxDtls><TxDtls><Refs><AcctSvcrRef>9999241ZC5307305</AcctSvcrRef><EndToEndId>004860586359</EndToEndId></Refs><Amt Ccy="CHF">229.2</Amt><CdtDbtInd>CRDT</CdtDbtInd><AmtDtls><InstdAmt><Amt Ccy="CHF">229.2</Amt></InstdAmt><TxAmt><Amt Ccy="CHF">229.2</Amt></TxAmt></AmtDtls><BkTxCd><Domn><Cd>PMNT</Cd><Fmly><Cd>RCDT</Cd><SubFmlyCd>VCOM</SubFmlyCd></Fmly></Domn><Prtry><Cd>A89</Cd></Prtry></BkTxCd><RltdPties><Dbtr><Nm>CSS Kranken-Versicherung AG</Nm><PstlAdr><StrtNm>Tribschenstrasse</StrtNm><BldgNb>21</BldgNb><PstCd>6005</PstCd><TwnNm>Luzern</TwnNm><Ctry>CH</Ctry></PstlAdr></Dbtr></RltdPties><RmtInf><Strd><CdtrRefInf><Tp><CdOrPrtry><Prtry>QRR</Prtry></CdOrPrtry></Tp><Ref>264029000000000000223390010</Ref></CdtrRefInf></Strd></RmtInf><AddtlTxInf>Credit QR reference</AddtlTxInf></TxDtls><TxDtls><Refs><AcctSvcrRef>9999241ZC5315372</AcctSvcrRef><EndToEndId>004860586358</EndToEndId></Refs><Amt Ccy="CHF">928.9</Amt><CdtDbtInd>CRDT</CdtDbtInd><AmtDtls><InstdAmt><Amt Ccy="CHF">928.9</Amt></InstdAmt><TxAmt><Amt Ccy="CHF">928.9</Amt></TxAmt></AmtDtls><BkTxCd><Domn><Cd>PMNT</Cd><Fmly><Cd>RCDT</Cd><SubFmlyCd>VCOM</SubFmlyCd></Fmly></Domn><Prtry><Cd>A89</Cd></Prtry></BkTxCd><RltdPties><Dbtr><Nm>CSS Kranken-Versicherung AG</Nm><PstlAdr><StrtNm>Tribschenstrasse</StrtNm><BldgNb>21</BldgNb><PstCd>6005</PstCd><TwnNm>Luzern</TwnNm><Ctry>CH</Ctry></PstlAdr></Dbtr></RltdPties><RmtInf><Strd><CdtrRefInf><Tp><CdOrPrtry><Prtry>QRR</Prtry></CdOrPrtry></Tp><Ref>264029000000000010203740600</Ref></CdtrRefInf></Strd></RmtInf><AddtlTxInf>Credit QR reference</AddtlTxInf></TxDtls><TxDtls><Refs><AcctSvcrRef>9999241ZC5315757</AcctSvcrRef><EndToEndId>004860586360</EndToEndId></Refs><Amt Ccy="CHF">847.55</Amt><CdtDbtInd>CRDT</CdtDbtInd><AmtDtls><InstdAmt><Amt Ccy="CHF">847.55</Amt></InstdAmt><TxAmt><Amt Ccy="CHF">847.55</Amt></TxAmt></AmtDtls><BkTxCd><Domn><Cd>PMNT</Cd><Fmly><Cd>RCDT</Cd><SubFmlyCd>VCOM</SubFmlyCd></Fmly></Domn><Prtry><Cd>A89</Cd></Prtry></BkTxCd><RltdPties><Dbtr><Nm>CSS Kranken-Versicherung AG</Nm><PstlAdr><StrtNm>Tribschenstrasse</StrtNm><BldgNb>21</BldgNb><PstCd>6005</PstCd><TwnNm>Luzern</TwnNm><Ctry>CH</Ctry></PstlAdr></Dbtr></RltdPties><RmtInf><Strd><CdtrRefInf><Tp><CdOrPrtry><Prtry>QRR</Prtry></CdOrPrtry></Tp><Ref>264029000000000000046610017</Ref></CdtrRefInf></Strd></RmtInf><AddtlTxInf>Credit QR reference</AddtlTxInf></TxDtls><TxDtls><Refs><AcctSvcrRef>9999241ZC5326382</AcctSvcrRef><EndToEndId>004860586354</EndToEndId></Refs><Amt Ccy="CHF">534.4</Amt><CdtDbtInd>CRDT</CdtDbtInd><AmtDtls><InstdAmt><Amt Ccy="CHF">534.4</Amt></InstdAmt><TxAmt><Amt Ccy="CHF">534.4</Amt></TxAmt></AmtDtls><BkTxCd><Domn><Cd>PMNT</Cd><Fmly><Cd>RCDT</Cd><SubFmlyCd>VCOM</SubFmlyCd></Fmly></Domn><Prtry><Cd>A89</Cd></Prtry></BkTxCd><RltdPties><Dbtr><Nm>CSS Kranken-Versicherung AG</Nm><PstlAdr><StrtNm>Tribschenstrasse</StrtNm><BldgNb>21</BldgNb><PstCd>6005</PstCd><TwnNm>Luzern</TwnNm><Ctry>CH</Ctry></PstlAdr></Dbtr></RltdPties><RmtInf><Strd><CdtrRefInf><Tp><CdOrPrtry><Prtry>QRR</Prtry></CdOrPrtry></Tp><Ref>264029000000000000145250598</Ref></CdtrRefInf></Strd></RmtInf><AddtlTxInf>Credit QR reference</AddtlTxInf></TxDtls><TxDtls><Refs><AcctSvcrRef>9999241ZC5332899</AcctSvcrRef><EndToEndId>SANbb2beb7e3b72411e8fc090febc78de39</EndToEndId></Refs><Amt Ccy="CHF">122.65</Amt><CdtDbtInd>CRDT</CdtDbtInd><AmtDtls><InstdAmt><Amt Ccy="CHF">122.65</Amt></InstdAmt><TxAmt><Amt Ccy="CHF">122.65</Amt></TxAmt></AmtDtls><BkTxCd><Domn><Cd>PMNT</Cd><Fmly><Cd>RCDT</Cd><SubFmlyCd>VCOM</SubFmlyCd></Fmly></Domn><Prtry><Cd>A89</Cd></Prtry></BkTxCd><RltdPties><Dbtr><Nm>Sanitas Grundversicherungen AG</Nm><PstlAdr><StrtNm>Jägergasse</StrtNm><BldgNb>3</BldgNb><PstCd>8004</PstCd><TwnNm>Zürich</TwnNm><Ctry>CH</Ctry></PstlAdr></Dbtr></RltdPties><RmtInf><Strd><CdtrRefInf><Tp><CdOrPrtry><Prtry>QRR</Prtry></CdOrPrtry></Tp><Ref>264029000000000000223430019</Ref></CdtrRefInf></Strd></RmtInf><AddtlTxInf>Credit QR reference</AddtlTxInf></TxDtls></NtryDtls><AddtlNtryInf>Credit QR reference</AddtlNtryInf></Ntry></Ntfctn></BkToCstmrDbtCdtNtfctn></Document>