<?xml version="1.0" encoding="UTF-8"?><Document xmlns="urn:iso:std:iso:20022:tech:xsd:camt.054.001.04" xmlns:xsi="http://www.w3.org/2001/XMLSchema-instance"><BkToCstmrDbtCdtNtfctn><GrpHdr><MsgId>WH9CEKBDLA7FK3TA</MsgId><CreDtTm>2024-08-29T19:06:59+02:00</CreDtTm><MsgRcpt><Id><OrgId><AnyBIC>UBSWCHZHREB</AnyBIC></OrgId></Id></MsgRcpt><MsgPgntn><PgNb>1</PgNb><LastPgInd>true</LastPgInd></MsgPgntn><AddtlInf>SPS/1.7</AddtlInf></GrpHdr><Ntfctn><Id>WH9CEKBDLA7FK3TA</Id><CreDtTm>2024-08-29T19:06:59+02:00</CreDtTm><FrToDt><FrDtTm>2024-08-29T00:00:00+02:00</FrDtTm><ToDtTm>2024-08-29T24:00:00+02:00</ToDtTm></FrToDt><RptgSrc><Prtry>OTHR</Prtry></RptgSrc><Acct><Id><IBAN>CH720020620615146201J</IBAN></Id><Ccy>CHF</Ccy><Ownr><Nm>Hausarztpraxis Buchs AG</Nm></Ownr><Svcr><FinInstnId><BICFI>UBSWCHZH80A</BICFI><Nm>UBS Switzerland AG</Nm><Othr><Id>CHE-116.303.292 MWST</Id><Issr>VAT-ID</Issr></Othr></FinInstnId></Svcr></Acct><Ntry><NtryRef>CH233000520615146201J</NtryRef><Amt Ccy="CHF">1621.8</Amt><CdtDbtInd>CRDT</CdtDbtInd><Sts>BOOK</Sts><BookgDt><Dt>2024-08-29</Dt></BookgDt><ValDt><Dt>2024-08-29</Dt></ValDt><AcctSvcrRef>2024242PH0001812</AcctSvcrRef><BkTxCd><Domn><Cd>PMNT</Cd><Fmly><Cd>RCDT</Cd><SubFmlyCd>VCOM</SubFmlyCd></Fmly></Domn><Prtry><Cd>A89</Cd></Prtry></BkTxCd><NtryDtls><Btch><MsgId>13QK-240829-MS-92497</MsgId><NbOfTxs>6</NbOfTxs><TtlAmt Ccy="CHF">1621.8</TtlAmt><CdtDbtInd>CRDT</CdtDbtInd></Btch><TxDtls><Refs><AcctSvcrRef>9999242ZC5623591</AcctSvcrRef><EndToEndId>SP-70915385-0</EndToEndId></Refs><Amt Ccy="CHF">13.3</Amt><CdtDbtInd>CRDT</CdtDbtInd><AmtDtls><InstdAmt><Amt Ccy="CHF">13.3</Amt></InstdAmt><TxAmt><Amt Ccy="CHF">13.3</Amt></TxAmt></AmtDtls><BkTxCd><Domn><Cd>PMNT</Cd><Fmly><Cd>RCDT</Cd><SubFmlyCd>VCOM</SubFmlyCd></Fmly></Domn><Prtry><Cd>A89</Cd></Prtry></BkTxCd><RltdPties><InitgPty><Nm>Ruzhdi Ademi, Buchs SG</Nm></InitgPty><Dbtr><Nm>Ruzhdi Ademi</Nm><PstlAdr><StrtNm>Sternstrasse</StrtNm><BldgNb>15</BldgNb><PstCd>9470</PstCd><TwnNm>Buchs SG</TwnNm><Ctry>CH</Ctry></PstlAdr></Dbtr><UltmtDbtr><Nm>Ademi Sabahat</Nm><PstlAdr><Ctry>CH</Ctry><AdrLine>Sternstrasse 15</AdrLine><AdrLine>9470 Buchs SG</AdrLine></PstlAdr></UltmtDbtr></RltdPties><RmtInf><Strd><CdtrRefInf><Tp><CdOrPrtry><Prtry>QRR</Prtry></CdOrPrtry></Tp><Ref>264029000000000010203740611</Ref></CdtrRefInf><AddtlRmtInf>Rechnungsnummer 020374-061-001</AddtlRmtInf></Strd></RmtInf><AddtlTxInf>Credit QR reference</AddtlTxInf></TxDtls><TxDtls><Refs><AcctSvcrRef>9999242ZC5750688</AcctSvcrRef><EndToEndId>SYMb0f5ed47dbba4d369c05c73374bfe3d1</EndToEndId></Refs><Amt Ccy="CHF">539</Amt><CdtDbtInd>CRDT</CdtDbtInd><AmtDtls><InstdAmt><Amt Ccy="CHF">539</Amt></InstdAmt><TxAmt><Amt Ccy="CHF">539</Amt></TxAmt></AmtDtls><BkTxCd><Domn><Cd>PMNT</Cd><Fmly><Cd>RCDT</Cd><SubFmlyCd>VCOM</SubFmlyCd></Fmly></Domn><Prtry><Cd>A89</Cd></Prtry></BkTxCd><RltdPties><Dbtr><Nm>Vivao Sympany AG</Nm><PstlAdr><StrtNm>Peter Merian-Weg</StrtNm><BldgNb>4</BldgNb><PstCd>4052</PstCd><TwnNm>Basel</TwnNm><Ctry>CH</Ctry></PstlAdr></Dbtr></RltdPties><RmtInf><Strd><CdtrRefInf><Tp><CdOrPrtry><Prtry>QRR</Prtry></CdOrPrtry></Tp><Ref>264029000000000000206340527</Ref></CdtrRefInf></Strd></RmtInf><AddtlTxInf>Credit QR reference</AddtlTxInf></TxDtls><TxDtls><Refs><AcctSvcrRef>9999242ZC5763365</AcctSvcrRef><EndToEndId>29.08.2024-27-01-003487-27.08.2024</EndToEndId></Refs><Amt Ccy="CHF">376.9</Amt><CdtDbtInd>CRDT</CdtDbtInd><AmtDtls><InstdAmt><Amt Ccy="CHF">376.9</Amt></InstdAmt><TxAmt><Amt Ccy="CHF">376.9</Amt></TxAmt></AmtDtls><BkTxCd><Domn><Cd>PMNT</Cd><Fmly><Cd>RCDT</Cd><SubFmlyCd>VCOM</SubFmlyCd></Fmly></Domn><Prtry><Cd>A89</Cd></Prtry></BkTxCd><RltdPties><Dbtr><Nm>AXA Versicherungen AG</Nm><PstlAdr><StrtNm>General-Guisan-Strasse</StrtNm><BldgNb>40</BldgNb><PstCd>8400</PstCd><TwnNm>Winterthur</TwnNm><Ctry>CH</Ctry></PstlAdr></Dbtr></RltdPties><RmtInf><Strd><CdtrRefInf><Tp><CdOrPrtry><Prtry>QRR</Prtry></CdOrPrtry></Tp><Ref>264029000000000000202940155</Ref></CdtrRefInf></Strd></RmtInf><AddtlTxInf>Credit QR reference</AddtlTxInf></TxDtls><TxDtls><Refs><AcctSvcrRef>9999242ZC5793396</AcctSvcrRef><EndToEndId>SYMa464afb29c094ddc9e09fe346a1f422f</EndToEndId></Refs><Amt Ccy="CHF">45.5</Amt><CdtDbtInd>CRDT</CdtDbtInd><AmtDtls><InstdAmt><Amt Ccy="CHF">45.5</Amt></InstdAmt><TxAmt><Amt Ccy="CHF">45.5</Amt></TxAmt></AmtDtls><BkTxCd><Domn><Cd>PMNT</Cd><Fmly><Cd>RCDT</Cd><SubFmlyCd>VCOM</SubFmlyCd></Fmly></Domn><Prtry><Cd>A89</Cd></Prtry></BkTxCd><RltdPties><Dbtr><Nm>Vivao Sympany AG</Nm><PstlAdr><StrtNm>Peter Merian-Weg</StrtNm><BldgNb>4</BldgNb><PstCd>4052</PstCd><TwnNm>Basel</TwnNm><Ctry>CH</Ctry></PstlAdr></Dbtr></RltdPties><RmtInf><Strd><CdtrRefInf><Tp><CdOrPrtry><Prtry>QRR</Prtry></CdOrPrtry></Tp><Ref>264029000000000000208640276</Ref></CdtrRefInf></Strd></RmtInf><AddtlTxInf>Credit QR reference</AddtlTxInf></TxDtls><TxDtls><Refs><AcctSvcrRef>9999242ZC6008241</AcctSvcrRef><EndToEndId>HEL266fc11d7d8440a18d89f53b3086b5d0</EndToEndId></Refs><Amt Ccy="CHF">284.1</Amt><CdtDbtInd>CRDT</CdtDbtInd><AmtDtls><InstdAmt><Amt Ccy="CHF">284.1</Amt></InstdAmt><TxAmt><Amt Ccy="CHF">284.1</Amt></TxAmt></AmtDtls><BkTxCd><Domn><Cd>PMNT</Cd><Fmly><Cd>RCDT</Cd><SubFmlyCd>VCOM</SubFmlyCd></Fmly></Domn><Prtry><Cd>A89</Cd></Prtry></BkTxCd><RltdPties><Dbtr><Nm>Helsana Versicherungen AG</Nm><PstlAdr><StrtNm>Z端richstrasse</StrtNm><BldgNb>130</BldgNb><PstCd>8600</PstCd><TwnNm>D端bendorf</TwnNm><Ctry>CH</Ctry></PstlAdr></Dbtr></RltdPties><RmtInf><Strd><CdtrRefInf><Tp><CdOrPrtry><Prtry>QRR</Prtry></CdOrPrtry></Tp><Ref>264029000000000020027210891</Ref></CdtrRefInf></Strd></RmtInf><AddtlTxInf>Credit QR reference</AddtlTxInf></TxDtls><TxDtls><Refs><AcctSvcrRef>9999242ZC6035684</AcctSvcrRef><EndToEndId>HELc711aee64bea41818ef49482bf496441</EndToEndId></Refs><Amt Ccy="CHF">363</Amt><CdtDbtInd>CRDT</CdtDbtInd><AmtDtls><InstdAmt><Amt Ccy="CHF">363</Amt></InstdAmt><TxAmt><Amt Ccy="CHF">363</Amt></TxAmt></AmtDtls><BkTxCd><Domn><Cd>PMNT</Cd><Fmly><Cd>RCDT</Cd><SubFmlyCd>VCOM</SubFmlyCd></Fmly></Domn><Prtry><Cd>A89</Cd></Prtry></BkTxCd><RltdPties><Dbtr><Nm>Helsana Versicherungen AG</Nm><PstlAdr><StrtNm>Z端richstrasse</StrtNm><BldgNb>130</BldgNb><PstCd>8600</PstCd><TwnNm>D端bendorf</TwnNm><Ctry>CH</Ctry></PstlAdr></Dbtr></RltdPties><RmtInf><Strd><CdtrRefInf><Tp><CdOrPrtry><Prtry>QRR</Prtry></CdOrPrtry></Tp><Ref>264029000000000020216360331</Ref></CdtrRefInf></Strd></RmtInf><AddtlTxInf>Credit QR reference</AddtlTxInf></TxDtls></NtryDtls><AddtlNtryInf>Credit QR reference</AddtlNtryInf></Ntry></Ntfctn></BkToCstmrDbtCdtNtfctn></Document>