<?xml version="1.0" encoding="UTF-8"?><Document xmlns="urn:iso:std:iso:20022:tech:xsd:camt.054.001.04" xmlns:xsi="http://www.w3.org/2001/XMLSchema-instance"><BkToCstmrDbtCdtNtfctn><GrpHdr><MsgId>WH9CEKBDJKPN9VVA</MsgId><CreDtTm>2024-08-27T19:07:48+02:00</CreDtTm><MsgRcpt><Id><OrgId><AnyBIC>UBSWCHZHREB</AnyBIC></OrgId></Id></MsgRcpt><MsgPgntn><PgNb>1</PgNb><LastPgInd>true</LastPgInd></MsgPgntn><AddtlInf>SPS/1.7</AddtlInf></GrpHdr><Ntfctn><Id>WH9CEKBDJKPN9VVA</Id><CreDtTm>2024-08-27T19:07:48+02:00</CreDtTm><FrToDt><FrDtTm>2024-08-27T00:00:00+02:00</FrDtTm><ToDtTm>2024-08-27T24:00:00+02:00</ToDtTm></FrToDt><RptgSrc><Prtry>OTHR</Prtry></RptgSrc><Acct><Id><IBAN>CH720020620615146201J</IBAN></Id><Ccy>CHF</Ccy><Ownr><Nm>Hausarztpraxis Buchs AG</Nm></Ownr><Svcr><FinInstnId><BICFI>UBSWCHZH80A</BICFI><Nm>UBS Switzerland AG</Nm><Othr><Id>CHE-116.303.292 MWST</Id><Issr>VAT-ID</Issr></Othr></FinInstnId></Svcr></Acct><Ntry><NtryRef>CH233000520615146201J</NtryRef><Amt Ccy="CHF">475.4</Amt><CdtDbtInd>CRDT</CdtDbtInd><Sts>BOOK</Sts><BookgDt><Dt>2024-08-27</Dt></BookgDt><ValDt><Dt>2024-08-27</Dt></ValDt><AcctSvcrRef>2024240PH0001769</AcctSvcrRef><BkTxCd><Domn><Cd>PMNT</Cd><Fmly><Cd>RCDT</Cd><SubFmlyCd>VCOM</SubFmlyCd></Fmly></Domn><Prtry><Cd>A89</Cd></Prtry></BkTxCd><NtryDtls><Btch><MsgId>18897980243/6XXX</MsgId><NbOfTxs>5</NbOfTxs><TtlAmt Ccy="CHF">475.4</TtlAmt><CdtDbtInd>CRDT</CdtDbtInd></Btch><TxDtls><Refs><AcctSvcrRef>9999240ZC4633297</AcctSvcrRef><EndToEndId>NOTPROVIDED</EndToEndId></Refs><Amt Ccy="CHF">73.25</Amt><CdtDbtInd>CRDT</CdtDbtInd><AmtDtls><InstdAmt><Amt Ccy="CHF">73.25</Amt></InstdAmt><TxAmt><Amt Ccy="CHF">73.25</Amt></TxAmt></AmtDtls><BkTxCd><Domn><Cd>PMNT</Cd><Fmly><Cd>RCDT</Cd><SubFmlyCd>VCOM</SubFmlyCd></Fmly></Domn><Prtry><Cd>A89</Cd></Prtry></BkTxCd><RltdPties><Dbtr><Nm>Muamer Pasic</Nm><PstlAdr><Ctry>CH</Ctry><AdrLine>Schönfeldstrasse 8</AdrLine><AdrLine>9470 Buchs SG</AdrLine></PstlAdr></Dbtr><UltmtDbtr><Nm>Pasic Muamer</Nm><PstlAdr><StrtNm>Schönfeldstrasse</StrtNm><BldgNb>8</BldgNb><PstCd>9470</PstCd><TwnNm>Buchs SG</TwnNm><Ctry>CH</Ctry></PstlAdr></UltmtDbtr></RltdPties><RmtInf><Strd><CdtrRefInf><Tp><CdOrPrtry><Prtry>QRR</Prtry></CdOrPrtry></Tp><Ref>264029000000000000169270388</Ref></CdtrRefInf><AddtlRmtInf>Rechnungsnummer 016927-038</AddtlRmtInf></Strd></RmtInf><AddtlTxInf>Credit QR reference</AddtlTxInf></TxDtls><TxDtls><Refs><AcctSvcrRef>9999240ZC4886434</AcctSvcrRef><EndToEndId>E1.2024-08-22.90078.682529</EndToEndId></Refs><Amt Ccy="CHF">153.85</Amt><CdtDbtInd>CRDT</CdtDbtInd><AmtDtls><InstdAmt><Amt Ccy="CHF">153.85</Amt></InstdAmt><TxAmt><Amt Ccy="CHF">153.85</Amt></TxAmt></AmtDtls><BkTxCd><Domn><Cd>PMNT</Cd><Fmly><Cd>RCDT</Cd><SubFmlyCd>VCOM</SubFmlyCd></Fmly></Domn><Prtry><Cd>A89</Cd></Prtry></BkTxCd><RltdPties><Dbtr><Nm>rhenusana</Nm><PstlAdr><Ctry>CH</Ctry><AdrLine>Widnauerstrasse 6</AdrLine><AdrLine>9435 Heerbrugg</AdrLine></PstlAdr></Dbtr></RltdPties><RmtInf><Strd><CdtrRefInf><Tp><CdOrPrtry><Prtry>QRR</Prtry></CdOrPrtry></Tp><Ref>264029000000000010200460618</Ref></CdtrRefInf><AddtlRmtInf>Unsere Abr. Nr. 2369578, Ihre Rechnung 020046-061-001, 264029000000000010200460618</AddtlRmtInf></Strd></RmtInf><AddtlTxInf>Credit QR reference</AddtlTxInf></TxDtls><TxDtls><Refs><AcctSvcrRef>9999240ZC4905937</AcctSvcrRef><EndToEndId>223994</EndToEndId></Refs><Amt Ccy="CHF">18.2</Amt><CdtDbtInd>CRDT</CdtDbtInd><AmtDtls><InstdAmt><Amt Ccy="CHF">18.2</Amt></InstdAmt><TxAmt><Amt Ccy="CHF">18.2</Amt></TxAmt></AmtDtls><BkTxCd><Domn><Cd>PMNT</Cd><Fmly><Cd>RCDT</Cd><SubFmlyCd>VCOM</SubFmlyCd></Fmly></Domn><Prtry><Cd>A89</Cd></Prtry></BkTxCd><RltdPties><Dbtr><Nm>mediserv AG</Nm><PstlAdr><StrtNm>Neuengasse</StrtNm><BldgNb>5</BldgNb><PstCd>2502</PstCd><TwnNm>Biel/Bienne</TwnNm><Ctry>CH</Ctry></PstlAdr></Dbtr></RltdPties><RmtInf><Strd><CdtrRefInf><Tp><CdOrPrtry><Prtry>QRR</Prtry></CdOrPrtry></Tp><Ref>264029000000000000112130164</Ref></CdtrRefInf></Strd></RmtInf><AddtlTxInf>Credit QR reference</AddtlTxInf></TxDtls><TxDtls><Refs><AcctSvcrRef>6320240TI1648118</AcctSvcrRef></Refs><Amt Ccy="CHF">47.3</Amt><CdtDbtInd>CRDT</CdtDbtInd><AmtDtls><InstdAmt><Amt Ccy="CHF">47.3</Amt></InstdAmt><TxAmt><Amt Ccy="CHF">47.3</Amt></TxAmt></AmtDtls><BkTxCd><Domn><Cd>PMNT</Cd><Fmly><Cd>RCDT</Cd><SubFmlyCd>VCOM</SubFmlyCd></Fmly></Domn><Prtry><Cd>A89</Cd></Prtry></BkTxCd><RltdPties><Dbtr><PstlAdr><AdrLine>Robert Kueng</AdrLine><AdrLine>9470 Buchs</AdrLine></PstlAdr></Dbtr></RltdPties><RmtInf><Strd><CdtrRefInf><Tp><CdOrPrtry><Prtry>QRR</Prtry></CdOrPrtry></Tp><Ref>264029000000000000053011052</Ref></CdtrRefInf></Strd></RmtInf><AddtlTxInf>Credit QR reference</AddtlTxInf></TxDtls><TxDtls><Refs><AcctSvcrRef>9901740E63930690</AcctSvcrRef><EndToEndId>32973436300.000002</EndToEndId></Refs><Amt Ccy="CHF">182.8</Amt><CdtDbtInd>CRDT</CdtDbtInd><AmtDtls><InstdAmt><Amt Ccy="CHF">182.8</Amt></InstdAmt><TxAmt><Amt Ccy="CHF">182.8</Amt></TxAmt></AmtDtls><BkTxCd><Domn><Cd>PMNT</Cd><Fmly><Cd>RCDT</Cd><SubFmlyCd>VCOM</SubFmlyCd></Fmly></Domn><Prtry><Cd>A89</Cd></Prtry></BkTxCd><RltdPties><InitgPty><Nm>Zuerich Versicherungs-Gesellschaft AG</Nm></InitgPty><Dbtr><Nm>Zuerich Versicherungs-Gesellschaft AG</Nm></Dbtr></RltdPties><RmtInf><Strd><CdtrRefInf><Tp><CdOrPrtry><Prtry>QRR</Prtry></CdOrPrtry></Tp><Ref>264029000000000010210760048</Ref></CdtrRefInf><AddtlRmtInf>GWCHF/32973436300.000002</AddtlRmtInf></Strd></RmtInf><AddtlTxInf>Credit QR reference</AddtlTxInf></TxDtls></NtryDtls><AddtlNtryInf>Credit QR reference</AddtlNtryInf></Ntry></Ntfctn></BkToCstmrDbtCdtNtfctn></Document>