<?xml version="1.0" encoding="UTF-8"?><Document xmlns="urn:iso:std:iso:20022:tech:xsd:camt.054.001.04" xmlns:xsi="http://www.w3.org/2001/XMLSchema-instance"><BkToCstmrDbtCdtNtfctn><GrpHdr><MsgId>WH9CEKBDEURWB9PA</MsgId><CreDtTm>2024-08-22T18:45:20+02:00</CreDtTm><MsgRcpt><Id><OrgId><AnyBIC>UBSWCHZHREB</AnyBIC></OrgId></Id></MsgRcpt><MsgPgntn><PgNb>1</PgNb><LastPgInd>true</LastPgInd></MsgPgntn><AddtlInf>SPS/1.7</AddtlInf></GrpHdr><Ntfctn><Id>WH9CEKBDEURWB9PA</Id><CreDtTm>2024-08-22T18:45:20+02:00</CreDtTm><FrToDt><FrDtTm>2024-08-22T00:00:00+02:00</FrDtTm><ToDtTm>2024-08-22T24:00:00+02:00</ToDtTm></FrToDt><RptgSrc><Prtry>OTHR</Prtry></RptgSrc><Acct><Id><IBAN>CH720020620615146201J</IBAN></Id><Ccy>CHF</Ccy><Ownr><Nm>Hausarztpraxis Buchs AG</Nm></Ownr><Svcr><FinInstnId><BICFI>UBSWCHZH80A</BICFI><Nm>UBS Switzerland AG</Nm><Othr><Id>CHE-116.303.292 MWST</Id><Issr>VAT-ID</Issr></Othr></FinInstnId></Svcr></Acct><Ntry><NtryRef>CH233000520615146201J</NtryRef><Amt Ccy="CHF">2980</Amt><CdtDbtInd>CRDT</CdtDbtInd><Sts>BOOK</Sts><BookgDt><Dt>2024-08-22</Dt></BookgDt><ValDt><Dt>2024-08-22</Dt></ValDt><AcctSvcrRef>2024235PH0001049</AcctSvcrRef><BkTxCd><Domn><Cd>PMNT</Cd><Fmly><Cd>RCDT</Cd><SubFmlyCd>VCOM</SubFmlyCd></Fmly></Domn><Prtry><Cd>A89</Cd></Prtry></BkTxCd><NtryDtls><Btch><MsgId>13SG-240822-MS-78203</MsgId><NbOfTxs>17</NbOfTxs><TtlAmt Ccy="CHF">2980</TtlAmt><CdtDbtInd>CRDT</CdtDbtInd></Btch><TxDtls><Refs><AcctSvcrRef>9999235ZC2430990</AcctSvcrRef><EndToEndId>SP-70433147-0</EndToEndId></Refs><Amt Ccy="CHF">93.15</Amt><CdtDbtInd>CRDT</CdtDbtInd><AmtDtls><InstdAmt><Amt Ccy="CHF">93.15</Amt></InstdAmt><TxAmt><Amt Ccy="CHF">93.15</Amt></TxAmt></AmtDtls><BkTxCd><Domn><Cd>PMNT</Cd><Fmly><Cd>RCDT</Cd><SubFmlyCd>VCOM</SubFmlyCd></Fmly></Domn><Prtry><Cd>A89</Cd></Prtry></BkTxCd><RltdPties><InitgPty><Nm>Ruzhdi Ademi, Buchs SG</Nm></InitgPty><Dbtr><Nm>Ruzhdi Ademi</Nm><PstlAdr><StrtNm>Sternstrasse</StrtNm><BldgNb>15</BldgNb><PstCd>9470</PstCd><TwnNm>Buchs SG</TwnNm><Ctry>CH</Ctry></PstlAdr></Dbtr><UltmtDbtr><Nm>Ademi Ruzhdi</Nm><PstlAdr><Ctry>CH</Ctry><AdrLine>Sternstrasse 15</AdrLine><AdrLine>9470 Buchs SG</AdrLine></PstlAdr></UltmtDbtr></RltdPties><RmtInf><Strd><CdtrRefInf><Tp><CdOrPrtry><Prtry>QRR</Prtry></CdOrPrtry></Tp><Ref>264029000000000000203730802</Ref></CdtrRefInf><AddtlRmtInf>Rechnungsnummer 020373-080</AddtlRmtInf></Strd></RmtInf><AddtlTxInf>Credit QR reference</AddtlTxInf></TxDtls><TxDtls><Refs><AcctSvcrRef>9999235ZC2473427</AcctSvcrRef><EndToEndId>NOTPROVIDED</EndToEndId></Refs><Amt Ccy="CHF">65.25</Amt><CdtDbtInd>CRDT</CdtDbtInd><AmtDtls><InstdAmt><Amt Ccy="CHF">65.25</Amt></InstdAmt><TxAmt><Amt Ccy="CHF">65.25</Amt></TxAmt></AmtDtls><BkTxCd><Domn><Cd>PMNT</Cd><Fmly><Cd>RCDT</Cd><SubFmlyCd>VCOM</SubFmlyCd></Fmly></Domn><Prtry><Cd>A89</Cd></Prtry></BkTxCd><RltdPties><Dbtr><Nm>Aeschlimann Rudolf &amp; Marianne</Nm><PstlAdr><StrtNm>Steinweg</StrtNm><BldgNb>10</BldgNb><PstCd>9470</PstCd><TwnNm>Buchs SG</TwnNm><Ctry>CH</Ctry></PstlAdr></Dbtr><UltmtDbtr><Nm>Aeschlimann Ruedi</Nm><PstlAdr><StrtNm>Steinweg 10</StrtNm><PstCd>9470</PstCd><TwnNm>Buchs SG</TwnNm><Ctry>CH</Ctry></PstlAdr></UltmtDbtr></RltdPties><RmtInf><Strd><CdtrRefInf><Tp><CdOrPrtry><Prtry>QRR</Prtry></CdOrPrtry></Tp><Ref>264029000000000000150170435</Ref></CdtrRefInf><AddtlRmtInf>Rechnungsnummer 015017-043</AddtlRmtInf></Strd></RmtInf><AddtlTxInf>Credit QR reference</AddtlTxInf></TxDtls><TxDtls><Refs><AcctSvcrRef>9999235ZC2488916</AcctSvcrRef><EndToEndId>COKc4d4bc450a23431bb0e297b55c6a3084</EndToEndId></Refs><Amt Ccy="CHF">269.2</Amt><CdtDbtInd>CRDT</CdtDbtInd><AmtDtls><InstdAmt><Amt Ccy="CHF">269.2</Amt></InstdAmt><TxAmt><Amt Ccy="CHF">269.2</Amt></TxAmt></AmtDtls><BkTxCd><Domn><Cd>PMNT</Cd><Fmly><Cd>RCDT</Cd><SubFmlyCd>VCOM</SubFmlyCd></Fmly></Domn><Prtry><Cd>A89</Cd></Prtry></BkTxCd><RltdPties><Dbtr><Nm>CONCORDIA Luzern</Nm><PstlAdr><StrtNm>Bundesplatz</StrtNm><BldgNb>15</BldgNb><PstCd>6003</PstCd><TwnNm>Luzern</TwnNm><Ctry>CH</Ctry></PstlAdr></Dbtr></RltdPties><RmtInf><Strd><CdtrRefInf><Tp><CdOrPrtry><Prtry>QRR</Prtry></CdOrPrtry></Tp><Ref>264029000000000000005540318</Ref></CdtrRefInf></Strd></RmtInf><AddtlTxInf>Credit QR reference</AddtlTxInf></TxDtls><TxDtls><Refs><AcctSvcrRef>9999235ZC2489847</AcctSvcrRef><EndToEndId>COKed1bc3c3b1f649f4b90eaf7b64c1b5e5</EndToEndId></Refs><Amt Ccy="CHF">91</Amt><CdtDbtInd>CRDT</CdtDbtInd><AmtDtls><InstdAmt><Amt Ccy="CHF">91</Amt></InstdAmt><TxAmt><Amt Ccy="CHF">91</Amt></TxAmt></AmtDtls><BkTxCd><Domn><Cd>PMNT</Cd><Fmly><Cd>RCDT</Cd><SubFmlyCd>VCOM</SubFmlyCd></Fmly></Domn><Prtry><Cd>A89</Cd></Prtry></BkTxCd><RltdPties><Dbtr><Nm>CONCORDIA Luzern</Nm><PstlAdr><StrtNm>Bundesplatz</StrtNm><BldgNb>15</BldgNb><PstCd>6003</PstCd><TwnNm>Luzern</TwnNm><Ctry>CH</Ctry></PstlAdr></Dbtr></RltdPties><RmtInf><Strd><CdtrRefInf><Tp><CdOrPrtry><Prtry>QRR</Prtry></CdOrPrtry></Tp><Ref>264029000000000000208570440</Ref></CdtrRefInf></Strd></RmtInf><AddtlTxInf>Credit QR reference</AddtlTxInf></TxDtls><TxDtls><Refs><AcctSvcrRef>9999235ZC2534348</AcctSvcrRef><EndToEndId>COKf7493f12c2054ccbaefc2258479ce9bb</EndToEndId></Refs><Amt Ccy="CHF">139.45</Amt><CdtDbtInd>CRDT</CdtDbtInd><AmtDtls><InstdAmt><Amt Ccy="CHF">139.45</Amt></InstdAmt><TxAmt><Amt Ccy="CHF">139.45</Amt></TxAmt></AmtDtls><BkTxCd><Domn><Cd>PMNT</Cd><Fmly><Cd>RCDT</Cd><SubFmlyCd>VCOM</SubFmlyCd></Fmly></Domn><Prtry><Cd>A89</Cd></Prtry></BkTxCd><RltdPties><Dbtr><Nm>CONCORDIA Luzern</Nm><PstlAdr><StrtNm>Bundesplatz</StrtNm><BldgNb>15</BldgNb><PstCd>6003</PstCd><TwnNm>Luzern</TwnNm><Ctry>CH</Ctry></PstlAdr></Dbtr></RltdPties><RmtInf><Strd><CdtrRefInf><Tp><CdOrPrtry><Prtry>QRR</Prtry></CdOrPrtry></Tp><Ref>264029000000000000185920370</Ref></CdtrRefInf></Strd></RmtInf><AddtlTxInf>Credit QR reference</AddtlTxInf></TxDtls><TxDtls><Refs><AcctSvcrRef>9999235ZC2549194</AcctSvcrRef><EndToEndId>HELe7f37c8d4cb444a9a362a1be8cd55e30</EndToEndId></Refs><Amt Ccy="CHF">103.3</Amt><CdtDbtInd>CRDT</CdtDbtInd><AmtDtls><InstdAmt><Amt Ccy="CHF">103.3</Amt></InstdAmt><TxAmt><Amt Ccy="CHF">103.3</Amt></TxAmt></AmtDtls><BkTxCd><Domn><Cd>PMNT</Cd><Fmly><Cd>RCDT</Cd><SubFmlyCd>VCOM</SubFmlyCd></Fmly></Domn><Prtry><Cd>A89</Cd></Prtry></BkTxCd><RltdPties><Dbtr><Nm>Helsana Versicherungen AG</Nm><PstlAdr><StrtNm>Zürichstrasse</StrtNm><BldgNb>130</BldgNb><PstCd>8600</PstCd><TwnNm>Dübendorf</TwnNm><Ctry>CH</Ctry></PstlAdr></Dbtr></RltdPties><RmtInf><Strd><CdtrRefInf><Tp><CdOrPrtry><Prtry>QRR</Prtry></CdOrPrtry></Tp><Ref>264029000000000000055040198</Ref></CdtrRefInf></Strd></RmtInf><AddtlTxInf>Credit QR reference</AddtlTxInf></TxDtls><TxDtls><Refs><AcctSvcrRef>9999235ZC2549833</AcctSvcrRef><EndToEndId>HEL82d8cd4af19944c7ab1b9301c5c08a6d</EndToEndId></Refs><Amt Ccy="CHF">338.7</Amt><CdtDbtInd>CRDT</CdtDbtInd><AmtDtls><InstdAmt><Amt Ccy="CHF">338.7</Amt></InstdAmt><TxAmt><Amt Ccy="CHF">338.7</Amt></TxAmt></AmtDtls><BkTxCd><Domn><Cd>PMNT</Cd><Fmly><Cd>RCDT</Cd><SubFmlyCd>VCOM</SubFmlyCd></Fmly></Domn><Prtry><Cd>A89</Cd></Prtry></BkTxCd><RltdPties><Dbtr><Nm>Helsana Versicherungen AG</Nm><PstlAdr><StrtNm>Zürichstrasse</StrtNm><BldgNb>130</BldgNb><PstCd>8600</PstCd><TwnNm>Dübendorf</TwnNm><Ctry>CH</Ctry></PstlAdr></Dbtr></RltdPties><RmtInf><Strd><CdtrRefInf><Tp><CdOrPrtry><Prtry>QRR</Prtry></CdOrPrtry></Tp><Ref>264029000000000000206320260</Ref></CdtrRefInf></Strd></RmtInf><AddtlTxInf>Credit QR reference</AddtlTxInf></TxDtls><TxDtls><Refs><AcctSvcrRef>9999235ZC2565124</AcctSvcrRef><EndToEndId>COK723c11d4b9a44b3089a15afe15720d6f</EndToEndId></Refs><Amt Ccy="CHF">574.75</Amt><CdtDbtInd>CRDT</CdtDbtInd><AmtDtls><InstdAmt><Amt Ccy="CHF">574.75</Amt></InstdAmt><TxAmt><Amt Ccy="CHF">574.75</Amt></TxAmt></AmtDtls><BkTxCd><Domn><Cd>PMNT</Cd><Fmly><Cd>RCDT</Cd><SubFmlyCd>VCOM</SubFmlyCd></Fmly></Domn><Prtry><Cd>A89</Cd></Prtry></BkTxCd><RltdPties><Dbtr><Nm>CONCORDIA Luzern</Nm><PstlAdr><StrtNm>Bundesplatz</StrtNm><BldgNb>15</BldgNb><PstCd>6003</PstCd><TwnNm>Luzern</TwnNm><Ctry>CH</Ctry></PstlAdr></Dbtr></RltdPties><RmtInf><Strd><CdtrRefInf><Tp><CdOrPrtry><Prtry>QRR</Prtry></CdOrPrtry></Tp><Ref>264029000000000000158300379</Ref></CdtrRefInf></Strd></RmtInf><AddtlTxInf>Credit QR reference</AddtlTxInf></TxDtls><TxDtls><Refs><AcctSvcrRef>9999235ZC2578828</AcctSvcrRef><EndToEndId>HELb960b5bff90246c6bf8c1e1573e0897c</EndToEndId></Refs><Amt Ccy="CHF">12.3</Amt><CdtDbtInd>CRDT</CdtDbtInd><AmtDtls><InstdAmt><Amt Ccy="CHF">12.3</Amt></InstdAmt><TxAmt><Amt Ccy="CHF">12.3</Amt></TxAmt></AmtDtls><BkTxCd><Domn><Cd>PMNT</Cd><Fmly><Cd>RCDT</Cd><SubFmlyCd>VCOM</SubFmlyCd></Fmly></Domn><Prtry><Cd>A89</Cd></Prtry></BkTxCd><RltdPties><Dbtr><Nm>Helsana Versicherungen AG</Nm><PstlAdr><StrtNm>Zürichstrasse</StrtNm><BldgNb>130</BldgNb><PstCd>8600</PstCd><TwnNm>Dübendorf</TwnNm><Ctry>CH</Ctry></PstlAdr></Dbtr></RltdPties><RmtInf><Strd><CdtrRefInf><Tp><CdOrPrtry><Prtry>QRR</Prtry></CdOrPrtry></Tp><Ref>264029000000000000146850237</Ref></CdtrRefInf></Strd></RmtInf><AddtlTxInf>Credit QR reference</AddtlTxInf></TxDtls><TxDtls><Refs><AcctSvcrRef>9999235ZC2571089</AcctSvcrRef><EndToEndId>COKeb10804d787b42bb9d00b03c3bdb7795</EndToEndId></Refs><Amt Ccy="CHF">295.65</Amt><CdtDbtInd>CRDT</CdtDbtInd><AmtDtls><InstdAmt><Amt Ccy="CHF">295.65</Amt></InstdAmt><TxAmt><Amt Ccy="CHF">295.65</Amt></TxAmt></AmtDtls><BkTxCd><Domn><Cd>PMNT</Cd><Fmly><Cd>RCDT</Cd><SubFmlyCd>VCOM</SubFmlyCd></Fmly></Domn><Prtry><Cd>A89</Cd></Prtry></BkTxCd><RltdPties><Dbtr><Nm>CONCORDIA Luzern</Nm><PstlAdr><StrtNm>Bundesplatz</StrtNm><BldgNb>15</BldgNb><PstCd>6003</PstCd><TwnNm>Luzern</TwnNm><Ctry>CH</Ctry></PstlAdr></Dbtr></RltdPties><RmtInf><Strd><CdtrRefInf><Tp><CdOrPrtry><Prtry>QRR</Prtry></CdOrPrtry></Tp><Ref>264029000000000000064730598</Ref></CdtrRefInf></Strd></RmtInf><AddtlTxInf>Credit QR reference</AddtlTxInf></TxDtls><TxDtls><Refs><AcctSvcrRef>9999235ZC2578730</AcctSvcrRef><EndToEndId>COKf8727b702cf845668c8ffd03e79778a6</EndToEndId></Refs><Amt Ccy="CHF">59.35</Amt><CdtDbtInd>CRDT</CdtDbtInd><AmtDtls><InstdAmt><Amt Ccy="CHF">59.35</Amt></InstdAmt><TxAmt><Amt Ccy="CHF">59.35</Amt></TxAmt></AmtDtls><BkTxCd><Domn><Cd>PMNT</Cd><Fmly><Cd>RCDT</Cd><SubFmlyCd>VCOM</SubFmlyCd></Fmly></Domn><Prtry><Cd>A89</Cd></Prtry></BkTxCd><RltdPties><Dbtr><Nm>CONCORDIA Luzern</Nm><PstlAdr><StrtNm>Bundesplatz</StrtNm><BldgNb>15</BldgNb><PstCd>6003</PstCd><TwnNm>Luzern</TwnNm><Ctry>CH</Ctry></PstlAdr></Dbtr></RltdPties><RmtInf><Strd><CdtrRefInf><Tp><CdOrPrtry><Prtry>QRR</Prtry></CdOrPrtry></Tp><Ref>264029000000000000049020464</Ref></CdtrRefInf></Strd></RmtInf><AddtlTxInf>Credit QR reference</AddtlTxInf></TxDtls><TxDtls><Refs><AcctSvcrRef>9999235ZC2593044</AcctSvcrRef><EndToEndId>HEL3b172638110b4e319472cb1c83a67805</EndToEndId></Refs><Amt Ccy="CHF">324.95</Amt><CdtDbtInd>CRDT</CdtDbtInd><AmtDtls><InstdAmt><Amt Ccy="CHF">324.95</Amt></InstdAmt><TxAmt><Amt Ccy="CHF">324.95</Amt></TxAmt></AmtDtls><BkTxCd><Domn><Cd>PMNT</Cd><Fmly><Cd>RCDT</Cd><SubFmlyCd>VCOM</SubFmlyCd></Fmly></Domn><Prtry><Cd>A89</Cd></Prtry></BkTxCd><RltdPties><Dbtr><Nm>Helsana Versicherungen AG</Nm><PstlAdr><StrtNm>Zürichstrasse</StrtNm><BldgNb>130</BldgNb><PstCd>8600</PstCd><TwnNm>Dübendorf</TwnNm><Ctry>CH</Ctry></PstlAdr></Dbtr></RltdPties><RmtInf><Strd><CdtrRefInf><Tp><CdOrPrtry><Prtry>QRR</Prtry></CdOrPrtry></Tp><Ref>264029000000000000213170366</Ref></CdtrRefInf></Strd></RmtInf><AddtlTxInf>Credit QR reference</AddtlTxInf></TxDtls><TxDtls><Refs><AcctSvcrRef>9999235ZC2581176</AcctSvcrRef><EndToEndId>HELb1390d1355d64e4eaaf21a9457ab9957</EndToEndId></Refs><Amt Ccy="CHF">34.85</Amt><CdtDbtInd>CRDT</CdtDbtInd><AmtDtls><InstdAmt><Amt Ccy="CHF">34.85</Amt></InstdAmt><TxAmt><Amt Ccy="CHF">34.85</Amt></TxAmt></AmtDtls><BkTxCd><Domn><Cd>PMNT</Cd><Fmly><Cd>RCDT</Cd><SubFmlyCd>VCOM</SubFmlyCd></Fmly></Domn><Prtry><Cd>A89</Cd></Prtry></BkTxCd><RltdPties><Dbtr><Nm>Helsana Versicherungen AG</Nm><PstlAdr><StrtNm>Zürichstrasse</StrtNm><BldgNb>130</BldgNb><PstCd>8600</PstCd><TwnNm>Dübendorf</TwnNm><Ctry>CH</Ctry></PstlAdr></Dbtr></RltdPties><RmtInf><Strd><CdtrRefInf><Tp><CdOrPrtry><Prtry>QRR</Prtry></CdOrPrtry></Tp><Ref>264029000000000000096350640</Ref></CdtrRefInf></Strd></RmtInf><AddtlTxInf>Credit QR reference</AddtlTxInf></TxDtls><TxDtls><Refs><AcctSvcrRef>9999235ZC2591276</AcctSvcrRef><EndToEndId>COK99bc543edecc41c996f98b2f44d3f911</EndToEndId></Refs><Amt Ccy="CHF">5.95</Amt><CdtDbtInd>CRDT</CdtDbtInd><AmtDtls><InstdAmt><Amt Ccy="CHF">5.95</Amt></InstdAmt><TxAmt><Amt Ccy="CHF">5.95</Amt></TxAmt></AmtDtls><BkTxCd><Domn><Cd>PMNT</Cd><Fmly><Cd>RCDT</Cd><SubFmlyCd>VCOM</SubFmlyCd></Fmly></Domn><Prtry><Cd>A89</Cd></Prtry></BkTxCd><RltdPties><Dbtr><Nm>CONCORDIA Luzern</Nm><PstlAdr><StrtNm>Bundesplatz</StrtNm><BldgNb>15</BldgNb><PstCd>6003</PstCd><TwnNm>Luzern</TwnNm><Ctry>CH</Ctry></PstlAdr></Dbtr></RltdPties><RmtInf><Strd><CdtrRefInf><Tp><CdOrPrtry><Prtry>QRR</Prtry></CdOrPrtry></Tp><Ref>264029000000000000199280239</Ref></CdtrRefInf></Strd></RmtInf><AddtlTxInf>Credit QR reference</AddtlTxInf></TxDtls><TxDtls><Refs><AcctSvcrRef>9999235ZC2593211</AcctSvcrRef><EndToEndId>HEL97e67f9327ad421694a81264292c667a</EndToEndId></Refs><Amt Ccy="CHF">303.6</Amt><CdtDbtInd>CRDT</CdtDbtInd><AmtDtls><InstdAmt><Amt Ccy="CHF">303.6</Amt></InstdAmt><TxAmt><Amt Ccy="CHF">303.6</Amt></TxAmt></AmtDtls><BkTxCd><Domn><Cd>PMNT</Cd><Fmly><Cd>RCDT</Cd><SubFmlyCd>VCOM</SubFmlyCd></Fmly></Domn><Prtry><Cd>A89</Cd></Prtry></BkTxCd><RltdPties><Dbtr><Nm>Helsana Versicherungen AG</Nm><PstlAdr><StrtNm>Zürichstrasse</StrtNm><BldgNb>130</BldgNb><PstCd>8600</PstCd><TwnNm>Dübendorf</TwnNm><Ctry>CH</Ctry></PstlAdr></Dbtr></RltdPties><RmtInf><Strd><CdtrRefInf><Tp><CdOrPrtry><Prtry>QRR</Prtry></CdOrPrtry></Tp><Ref>264029000000000000207030127</Ref></CdtrRefInf></Strd></RmtInf><AddtlTxInf>Credit QR reference</AddtlTxInf></TxDtls><TxDtls><Refs><AcctSvcrRef>9999235ZC2592593</AcctSvcrRef><EndToEndId>COK56e03d70a8fa4a2aa00f250894def190</EndToEndId></Refs><Amt Ccy="CHF">26.7</Amt><CdtDbtInd>CRDT</CdtDbtInd><AmtDtls><InstdAmt><Amt Ccy="CHF">26.7</Amt></InstdAmt><TxAmt><Amt Ccy="CHF">26.7</Amt></TxAmt></AmtDtls><BkTxCd><Domn><Cd>PMNT</Cd><Fmly><Cd>RCDT</Cd><SubFmlyCd>VCOM</SubFmlyCd></Fmly></Domn><Prtry><Cd>A89</Cd></Prtry></BkTxCd><RltdPties><Dbtr><Nm>CONCORDIA Luzern</Nm><PstlAdr><StrtNm>Bundesplatz</StrtNm><BldgNb>15</BldgNb><PstCd>6003</PstCd><TwnNm>Luzern</TwnNm><Ctry>CH</Ctry></PstlAdr></Dbtr></RltdPties><RmtInf><Strd><CdtrRefInf><Tp><CdOrPrtry><Prtry>QRR</Prtry></CdOrPrtry></Tp><Ref>264029000000000000185310276</Ref></CdtrRefInf></Strd></RmtInf><AddtlTxInf>Credit QR reference</AddtlTxInf></TxDtls><TxDtls><Refs><AcctSvcrRef>9901735E63220774</AcctSvcrRef><EndToEndId>32996971800.000001</EndToEndId></Refs><Amt Ccy="CHF">241.85</Amt><CdtDbtInd>CRDT</CdtDbtInd><AmtDtls><InstdAmt><Amt Ccy="CHF">241.85</Amt></InstdAmt><TxAmt><Amt Ccy="CHF">241.85</Amt></TxAmt></AmtDtls><BkTxCd><Domn><Cd>PMNT</Cd><Fmly><Cd>RCDT</Cd><SubFmlyCd>VCOM</SubFmlyCd></Fmly></Domn><Prtry><Cd>A89</Cd></Prtry></BkTxCd><RltdPties><InitgPty><Nm>Zuerich Versicherungs-Gesellschaft AG</Nm></InitgPty><Dbtr><Nm>Zuerich Versicherungs-Gesellschaft AG</Nm></Dbtr></RltdPties><RmtInf><Strd><CdtrRefInf><Tp><CdOrPrtry><Prtry>QRR</Prtry></CdOrPrtry></Tp><Ref>264029000000000000213560105</Ref></CdtrRefInf><AddtlRmtInf>GWCHF/32996971800.000001</AddtlRmtInf></Strd></RmtInf><AddtlTxInf>Credit QR reference</AddtlTxInf></TxDtls></NtryDtls><AddtlNtryInf>Credit QR reference</AddtlNtryInf></Ntry></Ntfctn></BkToCstmrDbtCdtNtfctn></Document>