<?xml version="1.0" encoding="UTF-8"?><Document xmlns="urn:iso:std:iso:20022:tech:xsd:camt.054.001.04" xmlns:xsi="http://www.w3.org/2001/XMLSchema-instance"><BkToCstmrDbtCdtNtfctn><GrpHdr><MsgId>WH9CEKBDFXA2DXLA</MsgId><CreDtTm>2024-08-23T18:44:35+02:00</CreDtTm><MsgRcpt><Id><OrgId><AnyBIC>UBSWCHZHREB</AnyBIC></OrgId></Id></MsgRcpt><MsgPgntn><PgNb>1</PgNb><LastPgInd>true</LastPgInd></MsgPgntn><AddtlInf>SPS/1.7</AddtlInf></GrpHdr><Ntfctn><Id>WH9CEKBDFXA2DXLA</Id><CreDtTm>2024-08-23T18:44:35+02:00</CreDtTm><FrToDt><FrDtTm>2024-08-23T00:00:00+02:00</FrDtTm><ToDtTm>2024-08-23T24:00:00+02:00</ToDtTm></FrToDt><RptgSrc><Prtry>OTHR</Prtry></RptgSrc><Acct><Id><IBAN>CH720020620615146201J</IBAN></Id><Ccy>CHF</Ccy><Ownr><Nm>Hausarztpraxis Buchs AG</Nm></Ownr><Svcr><FinInstnId><BICFI>UBSWCHZH80A</BICFI><Nm>UBS Switzerland AG</Nm><Othr><Id>CHE-116.303.292 MWST</Id><Issr>VAT-ID</Issr></Othr></FinInstnId></Svcr></Acct><Ntry><NtryRef>CH233000520615146201J</NtryRef><Amt Ccy="CHF">6447.85</Amt><CdtDbtInd>CRDT</CdtDbtInd><Sts>BOOK</Sts><BookgDt><Dt>2024-08-23</Dt></BookgDt><ValDt><Dt>2024-08-23</Dt></ValDt><AcctSvcrRef>2024236PH0002216</AcctSvcrRef><BkTxCd><Domn><Cd>PMNT</Cd><Fmly><Cd>RCDT</Cd><SubFmlyCd>VCOM</SubFmlyCd></Fmly></Domn><Prtry><Cd>A89</Cd></Prtry></BkTxCd><NtryDtls><Btch><MsgId>18884801359/6XXX</MsgId><NbOfTxs>14</NbOfTxs><TtlAmt Ccy="CHF">6447.85</TtlAmt><CdtDbtInd>CRDT</CdtDbtInd></Btch><TxDtls><Refs><AcctSvcrRef>9999236ZC2882553</AcctSvcrRef><EndToEndId>NOTPROVIDED</EndToEndId></Refs><Amt Ccy="CHF">75.25</Amt><CdtDbtInd>CRDT</CdtDbtInd><AmtDtls><InstdAmt><Amt Ccy="CHF">75.25</Amt></InstdAmt><TxAmt><Amt Ccy="CHF">75.25</Amt></TxAmt></AmtDtls><BkTxCd><Domn><Cd>PMNT</Cd><Fmly><Cd>RCDT</Cd><SubFmlyCd>VCOM</SubFmlyCd></Fmly></Domn><Prtry><Cd>A89</Cd></Prtry></BkTxCd><RltdPties><Dbtr><Nm>Dario Gartmann</Nm><PstlAdr><Ctry>CH</Ctry><AdrLine>Bahnhofstrasse 43</AdrLine><AdrLine>9475 Sevelen</AdrLine></PstlAdr></Dbtr><UltmtDbtr><Nm>Gartmann Dario</Nm><PstlAdr><StrtNm>Bahnhofstrasse</StrtNm><BldgNb>43</BldgNb><PstCd>9475</PstCd><TwnNm>Sevelen</TwnNm><Ctry>CH</Ctry></PstlAdr></UltmtDbtr></RltdPties><RmtInf><Strd><CdtrRefInf><Tp><CdOrPrtry><Prtry>QRR</Prtry></CdOrPrtry></Tp><Ref>264029000000000000170490282</Ref></CdtrRefInf><AddtlRmtInf>Rechnungsnummer 017049-028</AddtlRmtInf></Strd></RmtInf><AddtlTxInf>Credit QR reference</AddtlTxInf></TxDtls><TxDtls><Refs><AcctSvcrRef>9999236ZC2941239</AcctSvcrRef><EndToEndId>01000000000000000000000000892641442</EndToEndId></Refs><Amt Ccy="CHF">406.75</Amt><CdtDbtInd>CRDT</CdtDbtInd><AmtDtls><InstdAmt><Amt Ccy="CHF">406.75</Amt></InstdAmt><TxAmt><Amt Ccy="CHF">406.75</Amt></TxAmt></AmtDtls><BkTxCd><Domn><Cd>PMNT</Cd><Fmly><Cd>RCDT</Cd><SubFmlyCd>VCOM</SubFmlyCd></Fmly></Domn><Prtry><Cd>A89</Cd></Prtry></BkTxCd><RltdPties><Dbtr><Nm>SUPRA-1846 SA</Nm><PstlAdr><StrtNm>Avenue de la Rasude</StrtNm><BldgNb>8</BldgNb><PstCd>1006</PstCd><TwnNm>Lausanne</TwnNm><Ctry>CH</Ctry></PstlAdr></Dbtr></RltdPties><RmtInf><Strd><CdtrRefInf><Tp><CdOrPrtry><Prtry>QRR</Prtry></CdOrPrtry></Tp><Ref>264029000000000000081700881</Ref></CdtrRefInf></Strd></RmtInf><AddtlTxInf>Credit QR reference</AddtlTxInf></TxDtls><TxDtls><Refs><AcctSvcrRef>9999236ZC2972097</AcctSvcrRef><EndToEndId>NOTPROVIDED</EndToEndId></Refs><Amt Ccy="CHF">86.35</Amt><CdtDbtInd>CRDT</CdtDbtInd><AmtDtls><InstdAmt><Amt Ccy="CHF">86.35</Amt></InstdAmt><TxAmt><Amt Ccy="CHF">86.35</Amt></TxAmt></AmtDtls><BkTxCd><Domn><Cd>PMNT</Cd><Fmly><Cd>RCDT</Cd><SubFmlyCd>VCOM</SubFmlyCd></Fmly></Domn><Prtry><Cd>A89</Cd></Prtry></BkTxCd><RltdPties><Dbtr><Nm>Rajaradnam Vimalarajah</Nm><PstlAdr><StrtNm>Schoenfeldstrasse</StrtNm><BldgNb>5</BldgNb><PstCd>9470</PstCd><TwnNm>Buchs SG</TwnNm><Ctry>CH</Ctry></PstlAdr></Dbtr><UltmtDbtr><Nm>Rajaradnam Vimalarajah</Nm><PstlAdr><StrtNm>Schoenfeldstrasse</StrtNm><BldgNb>5</BldgNb><PstCd>9470</PstCd><TwnNm>Buchs SG</TwnNm><Ctry>CH</Ctry></PstlAdr></UltmtDbtr></RltdPties><RmtInf><Strd><CdtrRefInf><Tp><CdOrPrtry><Prtry>QRR</Prtry></CdOrPrtry></Tp><Ref>264029000000000000187560358</Ref></CdtrRefInf><AddtlRmtInf>Rechnungsnummer 018756-035</AddtlRmtInf></Strd></RmtInf><AddtlTxInf>Credit QR reference</AddtlTxInf></TxDtls><TxDtls><Refs><AcctSvcrRef>9999236ZC3082418</AcctSvcrRef><EndToEndId>01000000000000000000000000893147398</EndToEndId></Refs><Amt Ccy="CHF">4806</Amt><CdtDbtInd>CRDT</CdtDbtInd><AmtDtls><InstdAmt><Amt Ccy="CHF">4806</Amt></InstdAmt><TxAmt><Amt Ccy="CHF">4806</Amt></TxAmt></AmtDtls><BkTxCd><Domn><Cd>PMNT</Cd><Fmly><Cd>RCDT</Cd><SubFmlyCd>VCOM</SubFmlyCd></Fmly></Domn><Prtry><Cd>A89</Cd></Prtry></BkTxCd><RltdPties><Dbtr><Nm>Avenir Assurance Maladie SA</Nm><PstlAdr><StrtNm>Rue des Cèdres</StrtNm><BldgNb>5</BldgNb><PstCd>1920</PstCd><TwnNm>Martigny</TwnNm><Ctry>CH</Ctry></PstlAdr></Dbtr></RltdPties><RmtInf><Strd><CdtrRefInf><Tp><CdOrPrtry><Prtry>QRR</Prtry></CdOrPrtry></Tp><Ref>264029000000000000213180333</Ref></CdtrRefInf></Strd></RmtInf><AddtlTxInf>Credit QR reference</AddtlTxInf></TxDtls><TxDtls><Refs><AcctSvcrRef>9999236ZC3503295</AcctSvcrRef><EndToEndId>KPTa0343d2deab04f0090d34c8626fa8759</EndToEndId></Refs><Amt Ccy="CHF">14.85</Amt><CdtDbtInd>CRDT</CdtDbtInd><AmtDtls><InstdAmt><Amt Ccy="CHF">14.85</Amt></InstdAmt><TxAmt><Amt Ccy="CHF">14.85</Amt></TxAmt></AmtDtls><BkTxCd><Domn><Cd>PMNT</Cd><Fmly><Cd>RCDT</Cd><SubFmlyCd>VCOM</SubFmlyCd></Fmly></Domn><Prtry><Cd>A89</Cd></Prtry></BkTxCd><RltdPties><Dbtr><Nm>KPT Krankenkasse AG</Nm><PstlAdr><StrtNm>Wankdorfallee</StrtNm><BldgNb>3</BldgNb><PstCd>3014</PstCd><TwnNm>Bern</TwnNm><Ctry>CH</Ctry></PstlAdr></Dbtr></RltdPties><RmtInf><Strd><CdtrRefInf><Tp><CdOrPrtry><Prtry>QRR</Prtry></CdOrPrtry></Tp><Ref>264029000000000000205040114</Ref></CdtrRefInf></Strd></RmtInf><AddtlTxInf>Credit QR reference</AddtlTxInf></TxDtls><TxDtls><Refs><AcctSvcrRef>9999236ZC3503352</AcctSvcrRef><EndToEndId>KPT279c30969cf24293b1ced90b8ded3f31</EndToEndId></Refs><Amt Ccy="CHF">31.7</Amt><CdtDbtInd>CRDT</CdtDbtInd><AmtDtls><InstdAmt><Amt Ccy="CHF">31.7</Amt></InstdAmt><TxAmt><Amt Ccy="CHF">31.7</Amt></TxAmt></AmtDtls><BkTxCd><Domn><Cd>PMNT</Cd><Fmly><Cd>RCDT</Cd><SubFmlyCd>VCOM</SubFmlyCd></Fmly></Domn><Prtry><Cd>A89</Cd></Prtry></BkTxCd><RltdPties><Dbtr><Nm>KPT Krankenkasse AG</Nm><PstlAdr><StrtNm>Wankdorfallee</StrtNm><BldgNb>3</BldgNb><PstCd>3014</PstCd><TwnNm>Bern</TwnNm><Ctry>CH</Ctry></PstlAdr></Dbtr></RltdPties><RmtInf><Strd><CdtrRefInf><Tp><CdOrPrtry><Prtry>QRR</Prtry></CdOrPrtry></Tp><Ref>264029000000000000008480504</Ref></CdtrRefInf></Strd></RmtInf><AddtlTxInf>Credit QR reference</AddtlTxInf></TxDtls><TxDtls><Refs><AcctSvcrRef>9999236ZC3511207</AcctSvcrRef><EndToEndId>KPTcb564503664241aca59b9863a2103f95</EndToEndId></Refs><Amt Ccy="CHF">120.15</Amt><CdtDbtInd>CRDT</CdtDbtInd><AmtDtls><InstdAmt><Amt Ccy="CHF">120.15</Amt></InstdAmt><TxAmt><Amt Ccy="CHF">120.15</Amt></TxAmt></AmtDtls><BkTxCd><Domn><Cd>PMNT</Cd><Fmly><Cd>RCDT</Cd><SubFmlyCd>VCOM</SubFmlyCd></Fmly></Domn><Prtry><Cd>A89</Cd></Prtry></BkTxCd><RltdPties><Dbtr><Nm>KPT Krankenkasse AG</Nm><PstlAdr><StrtNm>Wankdorfallee</StrtNm><BldgNb>3</BldgNb><PstCd>3014</PstCd><TwnNm>Bern</TwnNm><Ctry>CH</Ctry></PstlAdr></Dbtr></RltdPties><RmtInf><Strd><CdtrRefInf><Tp><CdOrPrtry><Prtry>QRR</Prtry></CdOrPrtry></Tp><Ref>264029000000000000144730407</Ref></CdtrRefInf></Strd></RmtInf><AddtlTxInf>Credit QR reference</AddtlTxInf></TxDtls><TxDtls><Refs><AcctSvcrRef>9999236ZC3513076</AcctSvcrRef><EndToEndId>KPT28eeced2be9e4ac19a73030e95b03e84</EndToEndId></Refs><Amt Ccy="CHF">131.7</Amt><CdtDbtInd>CRDT</CdtDbtInd><AmtDtls><InstdAmt><Amt Ccy="CHF">131.7</Amt></InstdAmt><TxAmt><Amt Ccy="CHF">131.7</Amt></TxAmt></AmtDtls><BkTxCd><Domn><Cd>PMNT</Cd><Fmly><Cd>RCDT</Cd><SubFmlyCd>VCOM</SubFmlyCd></Fmly></Domn><Prtry><Cd>A89</Cd></Prtry></BkTxCd><RltdPties><Dbtr><Nm>KPT Krankenkasse AG</Nm><PstlAdr><StrtNm>Wankdorfallee</StrtNm><BldgNb>3</BldgNb><PstCd>3014</PstCd><TwnNm>Bern</TwnNm><Ctry>CH</Ctry></PstlAdr></Dbtr></RltdPties><RmtInf><Strd><CdtrRefInf><Tp><CdOrPrtry><Prtry>QRR</Prtry></CdOrPrtry></Tp><Ref>264029000000000000201240164</Ref></CdtrRefInf></Strd></RmtInf><AddtlTxInf>Credit QR reference</AddtlTxInf></TxDtls><TxDtls><Refs><AcctSvcrRef>9999236ZC3514157</AcctSvcrRef><EndToEndId>KPT67d234dcd643408b83aa70ea533d3f1a</EndToEndId></Refs><Amt Ccy="CHF">271.5</Amt><CdtDbtInd>CRDT</CdtDbtInd><AmtDtls><InstdAmt><Amt Ccy="CHF">271.5</Amt></InstdAmt><TxAmt><Amt Ccy="CHF">271.5</Amt></TxAmt></AmtDtls><BkTxCd><Domn><Cd>PMNT</Cd><Fmly><Cd>RCDT</Cd><SubFmlyCd>VCOM</SubFmlyCd></Fmly></Domn><Prtry><Cd>A89</Cd></Prtry></BkTxCd><RltdPties><Dbtr><Nm>KPT Krankenkasse AG</Nm><PstlAdr><StrtNm>Wankdorfallee</StrtNm><BldgNb>3</BldgNb><PstCd>3014</PstCd><TwnNm>Bern</TwnNm><Ctry>CH</Ctry></PstlAdr></Dbtr></RltdPties><RmtInf><Strd><CdtrRefInf><Tp><CdOrPrtry><Prtry>QRR</Prtry></CdOrPrtry></Tp><Ref>264029000000000000011150639</Ref></CdtrRefInf></Strd></RmtInf><AddtlTxInf>Credit QR reference</AddtlTxInf></TxDtls><TxDtls><Refs><AcctSvcrRef>9999236ZC3514235</AcctSvcrRef><EndToEndId>KPT7c0b736a924c4fc992b30a17251bd30a</EndToEndId></Refs><Amt Ccy="CHF">26.55</Amt><CdtDbtInd>CRDT</CdtDbtInd><AmtDtls><InstdAmt><Amt Ccy="CHF">26.55</Amt></InstdAmt><TxAmt><Amt Ccy="CHF">26.55</Amt></TxAmt></AmtDtls><BkTxCd><Domn><Cd>PMNT</Cd><Fmly><Cd>RCDT</Cd><SubFmlyCd>VCOM</SubFmlyCd></Fmly></Domn><Prtry><Cd>A89</Cd></Prtry></BkTxCd><RltdPties><Dbtr><Nm>KPT Krankenkasse AG</Nm><PstlAdr><StrtNm>Wankdorfallee</StrtNm><BldgNb>3</BldgNb><PstCd>3014</PstCd><TwnNm>Bern</TwnNm><Ctry>CH</Ctry></PstlAdr></Dbtr></RltdPties><RmtInf><Strd><CdtrRefInf><Tp><CdOrPrtry><Prtry>QRR</Prtry></CdOrPrtry></Tp><Ref>264029000000000000013520332</Ref></CdtrRefInf></Strd></RmtInf><AddtlTxInf>Credit QR reference</AddtlTxInf></TxDtls><TxDtls><Refs><AcctSvcrRef>9999236ZC3521520</AcctSvcrRef><EndToEndId>KPT9801fc9b74b4488f8d0d244358c9571d</EndToEndId></Refs><Amt Ccy="CHF">42.05</Amt><CdtDbtInd>CRDT</CdtDbtInd><AmtDtls><InstdAmt><Amt Ccy="CHF">42.05</Amt></InstdAmt><TxAmt><Amt Ccy="CHF">42.05</Amt></TxAmt></AmtDtls><BkTxCd><Domn><Cd>PMNT</Cd><Fmly><Cd>RCDT</Cd><SubFmlyCd>VCOM</SubFmlyCd></Fmly></Domn><Prtry><Cd>A89</Cd></Prtry></BkTxCd><RltdPties><Dbtr><Nm>KPT Krankenkasse AG</Nm><PstlAdr><StrtNm>Wankdorfallee</StrtNm><BldgNb>3</BldgNb><PstCd>3014</PstCd><TwnNm>Bern</TwnNm><Ctry>CH</Ctry></PstlAdr></Dbtr></RltdPties><RmtInf><Strd><CdtrRefInf><Tp><CdOrPrtry><Prtry>QRR</Prtry></CdOrPrtry></Tp><Ref>264029000000000000212810091</Ref></CdtrRefInf></Strd></RmtInf><AddtlTxInf>Credit QR reference</AddtlTxInf></TxDtls><TxDtls><Refs><AcctSvcrRef>9999236ZC3523099</AcctSvcrRef><EndToEndId>KPTf9364f52bf7c47c2a7493e2f3955b328</EndToEndId></Refs><Amt Ccy="CHF">98.15</Amt><CdtDbtInd>CRDT</CdtDbtInd><AmtDtls><InstdAmt><Amt Ccy="CHF">98.15</Amt></InstdAmt><TxAmt><Amt Ccy="CHF">98.15</Amt></TxAmt></AmtDtls><BkTxCd><Domn><Cd>PMNT</Cd><Fmly><Cd>RCDT</Cd><SubFmlyCd>VCOM</SubFmlyCd></Fmly></Domn><Prtry><Cd>A89</Cd></Prtry></BkTxCd><RltdPties><Dbtr><Nm>KPT Krankenkasse AG</Nm><PstlAdr><StrtNm>Wankdorfallee</StrtNm><BldgNb>3</BldgNb><PstCd>3014</PstCd><TwnNm>Bern</TwnNm><Ctry>CH</Ctry></PstlAdr></Dbtr></RltdPties><RmtInf><Strd><CdtrRefInf><Tp><CdOrPrtry><Prtry>QRR</Prtry></CdOrPrtry></Tp><Ref>264029000000000000000370551</Ref></CdtrRefInf></Strd></RmtInf><AddtlTxInf>Credit QR reference</AddtlTxInf></TxDtls><TxDtls><Refs><AcctSvcrRef>9999236ZC3525688</AcctSvcrRef><EndToEndId>KPT9ad2c1ad3b3342e2a1eaf2f14ef0c599</EndToEndId></Refs><Amt Ccy="CHF">110.5</Amt><CdtDbtInd>CRDT</CdtDbtInd><AmtDtls><InstdAmt><Amt Ccy="CHF">110.5</Amt></InstdAmt><TxAmt><Amt Ccy="CHF">110.5</Amt></TxAmt></AmtDtls><BkTxCd><Domn><Cd>PMNT</Cd><Fmly><Cd>RCDT</Cd><SubFmlyCd>VCOM</SubFmlyCd></Fmly></Domn><Prtry><Cd>A89</Cd></Prtry></BkTxCd><RltdPties><Dbtr><Nm>KPT Krankenkasse AG</Nm><PstlAdr><StrtNm>Wankdorfallee</StrtNm><BldgNb>3</BldgNb><PstCd>3014</PstCd><TwnNm>Bern</TwnNm><Ctry>CH</Ctry></PstlAdr></Dbtr></RltdPties><RmtInf><Strd><CdtrRefInf><Tp><CdOrPrtry><Prtry>QRR</Prtry></CdOrPrtry></Tp><Ref>264029000000000000056020937</Ref></CdtrRefInf></Strd></RmtInf><AddtlTxInf>Credit QR reference</AddtlTxInf></TxDtls><TxDtls><Refs><AcctSvcrRef>9999236ZC3630258</AcctSvcrRef><EndToEndId>HUGd2ac0979af7747b5817b5e776eeb3155</EndToEndId></Refs><Amt Ccy="CHF">226.35</Amt><CdtDbtInd>CRDT</CdtDbtInd><AmtDtls><InstdAmt><Amt Ccy="CHF">226.35</Amt></InstdAmt><TxAmt><Amt Ccy="CHF">226.35</Amt></TxAmt></AmtDtls><BkTxCd><Domn><Cd>PMNT</Cd><Fmly><Cd>RCDT</Cd><SubFmlyCd>VCOM</SubFmlyCd></Fmly></Domn><Prtry><Cd>A89</Cd></Prtry></BkTxCd><RltdPties><Dbtr><Nm>Helsana Unfall AG</Nm><PstlAdr><StrtNm>Zürichstrasse</StrtNm><BldgNb>130</BldgNb><PstCd>8600</PstCd><TwnNm>Dübendorf</TwnNm><Ctry>CH</Ctry></PstlAdr></Dbtr></RltdPties><RmtInf><Strd><CdtrRefInf><Tp><CdOrPrtry><Prtry>QRR</Prtry></CdOrPrtry></Tp><Ref>264029000000000020139590351</Ref></CdtrRefInf></Strd></RmtInf><AddtlTxInf>Credit QR reference</AddtlTxInf></TxDtls></NtryDtls><AddtlNtryInf>Credit QR reference</AddtlNtryInf></Ntry></Ntfctn></BkToCstmrDbtCdtNtfctn></Document>