<?xml version="1.0" encoding="UTF-8"?><Document xmlns="urn:iso:std:iso:20022:tech:xsd:camt.054.001.04" xmlns:xsi="http://www.w3.org/2001/XMLSchema-instance"><BkToCstmrDbtCdtNtfctn><GrpHdr><MsgId>WE9CEKBD5CBLHA6A</MsgId><CreDtTm>2024-09-23T18:46:30+02:00</CreDtTm><MsgRcpt><Id><OrgId><AnyBIC>UBSWCHZHREB</AnyBIC></OrgId></Id></MsgRcpt><MsgPgntn><PgNb>1</PgNb><LastPgInd>true</LastPgInd></MsgPgntn><AddtlInf>SPS/1.7</AddtlInf></GrpHdr><Ntfctn><Id>WE9CEKBD5CBLHA6A</Id><CreDtTm>2024-09-23T18:46:30+02:00</CreDtTm><FrToDt><FrDtTm>2024-09-23T00:00:00+02:00</FrDtTm><ToDtTm>2024-09-23T24:00:00+02:00</ToDtTm></FrToDt><RptgSrc><Prtry>OTHR</Prtry></RptgSrc><Acct><Id><IBAN>CH560020620649016501B</IBAN></Id><Ccy>CHF</Ccy><Ownr><Nm>Hausarztpraxis Näfels AG</Nm></Ownr><Svcr><FinInstnId><BICFI>UBSWCHZH80A</BICFI><Nm>UBS Switzerland AG</Nm><Othr><Id>CHE-116.303.292 MWST</Id><Issr>VAT-ID</Issr></Othr></FinInstnId></Svcr></Acct><Ntry><NtryRef>CH073000520649016501B</NtryRef><Amt Ccy="CHF">847.45</Amt><CdtDbtInd>CRDT</CdtDbtInd><Sts>BOOK</Sts><BookgDt><Dt>2024-09-23</Dt></BookgDt><ValDt><Dt>2024-09-23</Dt></ValDt><AcctSvcrRef>2024267PH0000969</AcctSvcrRef><BkTxCd><Domn><Cd>PMNT</Cd><Fmly><Cd>RCDT</Cd><SubFmlyCd>VCOM</SubFmlyCd></Fmly></Domn><Prtry><Cd>A89</Cd></Prtry></BkTxCd><NtryDtls><Btch><MsgId>240919CH0C9NPOK7</MsgId><NbOfTxs>2</NbOfTxs><TtlAmt Ccy="CHF">847.45</TtlAmt><CdtDbtInd>CRDT</CdtDbtInd></Btch><TxDtls><Refs><AcctSvcrRef>9999267ZC3170490</AcctSvcrRef><EndToEndId>75583478/23.09.24/62024090200050</EndToEndId></Refs><Amt Ccy="CHF">817.65</Amt><CdtDbtInd>CRDT</CdtDbtInd><AmtDtls><InstdAmt><Amt Ccy="CHF">817.65</Amt></InstdAmt><TxAmt><Amt Ccy="CHF">817.65</Amt></TxAmt></AmtDtls><BkTxCd><Domn><Cd>PMNT</Cd><Fmly><Cd>RCDT</Cd><SubFmlyCd>VCOM</SubFmlyCd></Fmly></Domn><Prtry><Cd>A89</Cd></Prtry></BkTxCd><RltdPties><Dbtr><Nm>Suva</Nm><PstlAdr><StrtNm>Fluhmattstrasse</StrtNm><BldgNb>1</BldgNb><PstCd>6004</PstCd><TwnNm>Luzern</TwnNm><Ctry>CH</Ctry></PstlAdr></Dbtr><UltmtDbtr><Nm>Suva Militärversicherung</Nm></UltmtDbtr></RltdPties><RmtInf><Strd><CdtrRefInf><Tp><CdOrPrtry><Prtry>QRR</Prtry></CdOrPrtry></Tp><Ref>275303972221810000003461744</Ref></CdtrRefInf></Strd></RmtInf><AddtlTxInf>Credit QR reference</AddtlTxInf></TxDtls><TxDtls><Refs><AcctSvcrRef>9999267ZC3313407</AcctSvcrRef><EndToEndId>NOTPROVIDED</EndToEndId></Refs><Amt Ccy="CHF">29.8</Amt><CdtDbtInd>CRDT</CdtDbtInd><AmtDtls><InstdAmt><Amt Ccy="CHF">29.8</Amt></InstdAmt><TxAmt><Amt Ccy="CHF">29.8</Amt></TxAmt></AmtDtls><BkTxCd><Domn><Cd>PMNT</Cd><Fmly><Cd>RCDT</Cd><SubFmlyCd>VCOM</SubFmlyCd></Fmly></Domn><Prtry><Cd>A89</Cd></Prtry></BkTxCd><RltdPties><Dbtr><Nm>Sabahudin Smajic</Nm><PstlAdr><Ctry>CH</Ctry><AdrLine>Vorderdorfstrasse 30</AdrLine><AdrLine>8753 Mollis</AdrLine></PstlAdr></Dbtr></RltdPties><RmtInf><Strd><CdtrRefInf><Tp><CdOrPrtry><Prtry>QRR</Prtry></CdOrPrtry></Tp><Ref>275303972203510000039011924</Ref></CdtrRefInf></Strd></RmtInf><AddtlTxInf>Credit QR reference</AddtlTxInf></TxDtls></NtryDtls><AddtlNtryInf>Credit QR reference</AddtlNtryInf></Ntry></Ntfctn></BkToCstmrDbtCdtNtfctn></Document>